2824 4292
213 293 252 338 10
536 279 650 338 FIRST
675 279 797 338 LATIN
823 277 987 336 READER

645 586 828 652 LESSON
858 603 881 668 9

447 796 586 881 Captain
599 796 692 878 john
719 795 831 861 Smith
851 794 1077 880 (Comluded)

253 991 365 1058 Faber
381 991 513 1058 interim
533 992 697 1056 coloniam
717 992 751 1053 in
770 990 975 1054 Britanniam
994 989 1124 1052 Novam
1145 989 1334 1053 deducere

208 1097 356 1179 parabat,
388 1096 547 1179 brevique
578 1115 653 1159 cum
686 1093 844 1157 militibus
875 1113 914 1157 ac
948 1103 1057 1156 nautis
1091 1093 1242 1156 sedecim
1278 1093 1330 1155 ad

208 1199 399 1263 Americam
413 1220 528 1263 versus
542 1200 713 1282 profectus
725 1207 784 1262 est.
818 1198 903 1263 Cum
915 1207 1026 1260 autem
1039 1217 1132 1260 mare
1143 1203 1326 1272 transiret,

207 1303 317 1366 subito
329 1311 512 1386 tempestas
526 1323 649 1385 magna
665 1312 716 1366 est
728 1311 849 1377 coorta,
863 1322 902 1365 ac
915 1307 1017 1365 naves
1030 1300 1187 1364 fluctibus
1204 1321 1326 1383 paene

183 1408 335 1483 strictae
348 1418 444 1484 sunt;
468 1415 571 1491 quare
587 1407 722 1471 domum
740 1407 847 1470 redire
863 1413 997 1469 coactus
1014 1415 1074 1468 est.

252 1512 319 1577 Sed
341 1513 534 1595 paulopost
556 1532 632 1576 cum
657 1519 725 1574 una
748 1517 832 1574 nave
856 1517 959 1592 parva
982 1509 1101 1573 iterum
1125 1510 1320 1591 profectus,

207 1616 328 1680 multos
345 1617 415 1680 dies
431 1617 473 1680 ad
489 1618 682 1681 Americam
698 1636 815 1680 versus
831 1614 970 1678 feliciter
986 1613 1164 1696 navigavit.
1211 1616 1318 1690 Turn,

208 1727 321 1802 piratis
346 1722 461 1803 procul
476 1731 564 1798 visis,
584 1721 710 1784 frustra
733 1720 884 1801 effugere
907 1725 1046 1782 conatus
1070 1727 1130 1782 est.
1179 1719 1317 1783 Piratae

206 1834 318 1888 tamen
338 1825 465 1889 inventi
483 1835 560 1888 sunt
580 1825 698 1888 milites
717 1845 801 1900 esse,
819 1831 900 1907 quos
922 1823 995 1905 ipse
1018 1823 1096 1885 olim
1119 1822 1154 1885 in
1172 1824 1316 1906 Europa

168 1928 364 2006 induxerat;
388 1939 445 2012 qui
467 1930 568 2012 igitur
591 1929 710 1994 ducem
735 1950 831 1993 suum
851 1939 998 1991 veterem
1015 1927 1171 1991 volebant
1194 1934 1313 1991 secum

206 2035 374 2115 navigare,
385 2035 412 2096 is
425 2044 535 2097 autem
547 2036 589 2097 ad
600 2033 790 2098 Americam
805 2055 938 2099 cursum
949 2043 1062 2098 tenere
1076 2035 1200 2097 maluit.
1241 2034 1313 2096 Sed

207 2145 321 2219 paucis
339 2146 414 2220 post
428 2137 544 2200 diebus
560 2137 646 2201 Galli
661 2139 806 2221 quidam,
817 2149 875 2221 qui
890 2159 950 2221 per
967 2140 1070 2202 maria
1085 2139 1196 2202 omnia
1212 2158 1311 2219 prae·
1400 2188 1404 2203 .

205 2241 503 2323 damquaerebant,
513 2241 583 2304 eius
595 2243 1074 2326 navemceperunt,ipsumque
1085 2263 1178 2306 suam
1187 2249 1310 2305 navem
1401 2236 1405 2258 ¹

206 2344 340 2425 longam
365 2352 545 2427 coegerunt
566 2346 801 2410 conscendere.
850 2348 902 2411 Ibi
925 2368 1001 2410 curn
1025 2355 1217 2422 moraretur,
1235 2348 1309 2409 eius

167 2467 195 2521 ¹5
206 2458 337 2524 nautae,
355 2457 411 2531 qui
426 2451 562 2512 domurn
579 2451 686 2514 redire
703 2451 768 2514 iarn
785 2451 841 2514 diu
857 2452 1023 2526 volebant,
1041 2452 1125 2514 clam
1143 2451 1308 2514 dederunt

205 2553 288 2629 vela,
305 2554 553 2637 incolumesque
566 2553 599 2617 in
612 2555 819 2618 Britanniam
833 2563 1064 2637 pervenerunt.
1113 2554 1182 2618 Ubi
1194 2565 1306 2618 tamen

206 2662 331 2739 poenis
357 2664 473 2738 postea
493 2658 658 2720 dederunt
680 2679 755 2741 cum
778 2658 912 2721 demum
940 2661 1081 2722 redisset
1106 2657 1224 2734 Faber,
1248 2667 1305 2741 qui

205 2776 281 2819 cum
306 2756 410 2820 Gallis
433 2757 488 2819 diu
515 2757 672 2839 navigare
695 2764 831 2821 coactus
850 2768 931 2822 erat.
980 2759 1172 2842 Numquam
1189 2765 1304 2840 postea

204 2860 259 2924 ille
275 2860 437 2924 coloniam
454 2862 619 2924 deducere
636 2868 774 2924 conatus
790 2871 849 2925 est.

248 3095 273 3129 2.
299 3080 335 3129 ad
356 3117 362 3129 .
385 3116 391 3128 .
414 3116 420 3129 .
441 3091 552 3130 versus:
585 3079 655 3149 for‚·
692 3075 728 3132 cs.
827 3097 867 3142 ¹4·
893 3082 1054 3132 moriretur:
1074 3097 1133 3132 was
1145 3079 1276 3132 detained.

203 3174 231 3226 p.
247 3171 270 3222 2,
284 3156 302 3208 l.
321 3171 359 3225 13.
827 3161 949 3223 15.iam
978 3163 1040 3213 diu:
1079 3161 1106 3212 in
1142 3159 1299 3213 connection
1400 3158 1404 3213 :

247 3244 272 3289 ⁶.
299 3239 380 3304 pauli
403 3240 481 3303 poet:
510 3255 528 3290 a
553 3237 623 3290 little
649 3237 728 3303 later,
780 3241 844 3293 with
870 3241 936 3295 such
969 3240 1106 3295 adverbial
1138 3240 1226 3293 words
1249 3239 1299 3292 and

203 3318 243 3373 lit.
264 3319 425 3389 aflerward
440 3319 471 3387 by
482 3336 500 3371 a
516 3317 600 3382 aetla,-
613 3318 648 3371 cf.
663 3334 729 3391 pau·
778 3322 892 3389 phrases
913 3341 943 3375 as
962 3325 1025 3386 iam,
1043 3324 1100 3375 iam
1117 3323 1171 3387 diu,
1190 3328 1250 3386 etc„
1266 3337 1298 3372 an

203 3403 242 3453 cie
260 3402 323 3466 post
341 3401 443 3464 diebus,
462 3417 489 3468 p.
505 3415 529 3468 3,
543 3399 560 3451 l.
580 3413 618 3463 14.
630 3413 732 3464 —prtt-
783 3399 886 3471 imperf.
905 3403 955 3456 has
968 3403 1068 3456 almost
1082 3401 1129 3456 the
1148 3402 1220 3455 force
1237 3399 1265 3453 of
1283 3419 1298 3452 a

203 3481 307 3533 fectus:
327 3479 362 3535 cf.
376 3480 424 3534 the
443 3488 507 3534 note
517 3497 554 3533 on
573 3479 649 3548 facti,
662 3497 690 3549 p.
705 3493 729 3547 7,
780 3481 1296 3552 pluperf.-dederuntvehzsoventis

203 3561 221 3615 l.
236 3575 276 3632 ις.
779 3562 820 3615 tie.
834 3569 874 3616 set
891 3564 952 3617 sail.
1162 3625 1165 3638 ‚

247 3660 272 3706 9.
300 3645 407 3695 inventi
429 3644 493 3694 sunt
512 3680 517 3692 .
536 3680 542 3692 .
559 3680 565 3693 .
584 3656 659 3694 esse:
688 3643 728 3695 tle.
824 3650 864 3696 ιθ.
891 3646 1053 3698 incolumes:
1076 3643 1111 3698 cf.
1135 3661 1162 3713 p.
1185 3659 1210 3709 4,
1228 3643 1245 3695 l.
1261 3657 1294 3708 ¹4·

206 3724 317 3790 proved
338 3728 366 3774 to
389 3723 434 3785 be,·
466 3721 505 3774 iit.
529 3721 599 3774 what
615 3723 729 3774 ?-Eu-
780 3727 886 3776 -ubit
908 3743 953 3778 see
975 3724 1022 3778 the
1044 3733 1108 3778 note
1128 3740 1165 3777 on
1189 3741 1216 3792 p.
1236 3738 1258 3789 4,
1276 3724 1291 3775 l.

203 3806 283 3867 ripa:
304 3810 368 3854 note
382 3802 428 3855 the
441 3815 512 3854 ease.
783 3816 825 3868 14·
