<?xml version="1.0" encoding="UTF-8"?>
<!DOCTYPE html PUBLIC "-//W3C//DTD XHTML 1.0 Transitional//EN"
    "http://www.w3.org/TR/xhtml1/DTD/xhtml1-transitional.dtd">
<html xmlns="http://www.w3.org/1999/xhtml" xml:lang="en" lang="en">
 <head>
  <title>
</title>
<meta http-equiv="Content-Type" content="text/html;charset=utf-8" />
  <meta name='ocr-system' content='tesseract 3.04.00' />
  <meta name='ocr-capabilities' content='ocr_page ocr_carea ocr_par ocr_line ocrx_word'/>
</head>
<body>
  <div class='ocr_page' id='page_1' title='image "./afirstlatinread01nuttgoog_0022.png"; bbox 0 0 2824 4292; ppageno 0'>
   <div class='ocr_carea' id='block_1_1' title="bbox 427 357 1202 441">
    <p class='ocr_par' dir='ltr' id='par_1_1' title="bbox 427 357 1202 441">
     <span class='ocr_line' id='line_1_1' title="bbox 427 357 1202 441; baseline 0 -27"><span class='ocrx_word' id='word_1_1' title='bbox 427 357 540 414; x_wconf 73' lang='lat' dir='ltr'>arasa</span> <span class='ocrx_word' id='word_1_2' title='bbox 566 357 687 414; x_wconf 74' lang='lat' dir='ltr'>unum</span> <span class='ocrx_word' id='word_1_3' title='bbox 715 358 878 415; x_wconf 72' lang='lat' dir='ltr'>unauna</span> <span class='ocrx_word' id='word_1_4' title='bbox 1186 375 1202 441; x_wconf 85' lang='lat'><strong>7</strong></span> 
     </span>
    </p>
   </div>
   <div class='ocr_carea' id='block_1_2' title="bbox 57 537 1295 2079">
    <p class='ocr_par' dir='ltr' id='par_1_2' title="bbox 73 537 1295 1143">
     <span class='ocr_line' id='line_1_2' title="bbox 100 537 1203 621; baseline 0.005 -23"><span class='ocrx_word' id='word_1_5' title='bbox 100 544 138 599; x_wconf 73' lang='lat' dir='ltr'>se</span> <span class='ocrx_word' id='word_1_6' title='bbox 158 537 281 600; x_wconf 79' lang='lat' dir='ltr'>flumen</span> <span class='ocrx_word' id='word_1_7' title='bbox 301 558 375 601; x_wconf 92' lang='lat' dir='ltr'>esse</span> <span class='ocrx_word' id='word_1_8' title='bbox 397 537 621 615; x_wconf 84' lang='lat' dir='ltr'>inventurum,</span> <span class='ocrx_word' id='word_1_9' title='bbox 639 545 706 621; x_wconf 80' lang='lat' dir='ltr'>quo</span> <span class='ocrx_word' id='word_1_10' title='bbox 722 538 913 603; x_wconf 86' lang='lat' dir='ltr'>Americarn</span> <span class='ocrx_word' id='word_1_11' title='bbox 937 547 1078 604; x_wconf 73' lang='lat' dir='ltr'>transire</span> <span class='ocrx_word' id='word_1_12' title='bbox 1102 551 1135 604; x_wconf 93' lang='lat' dir='ltr'>et</span> <span class='ocrx_word' id='word_1_13' title='bbox 1158 541 1203 604; x_wconf 87' lang='lat' dir='ltr'>ita</span> 
     </span>
     <span class='ocr_line' id='line_1_3' title="bbox 99 639 1203 724; baseline 0.005 -21"><span class='ocrx_word' id='word_1_14' title='bbox 99 639 142 704; x_wconf 89' lang='lat' dir='ltr'>ad</span> <span class='ocrx_word' id='word_1_15' title='bbox 159 642 276 704; x_wconf 83' lang='lat' dir='ltr'><strong>Asiam</strong></span> <span class='ocrx_word' id='word_1_16' title='bbox 295 651 468 724; x_wconf 90' lang='lat' dir='ltr'>pervenire</span> <span class='ocrx_word' id='word_1_17' title='bbox 485 653 608 724; x_wconf 88' lang='lat' dir='ltr'>posset.</span> <span class='ocrx_word' id='word_1_18' title='bbox 657 643 696 705; x_wconf 94' lang='lat' dir='ltr'>ln</span> <span class='ocrx_word' id='word_1_19' title='bbox 714 643 886 706; x_wconf 89' lang='lat' dir='ltr'>itineribus</span> <span class='ocrx_word' id='word_1_20' title='bbox 903 655 935 706; x_wconf 92' lang='lat' dir='ltr'>et</span> <span class='ocrx_word' id='word_1_21' title='bbox 952 645 1018 706; x_wconf 89' lang='lat' dir='ltr'>dux</span> <span class='ocrx_word' id='word_1_22' title='bbox 1034 656 1067 708; x_wconf 94' lang='lat' dir='ltr'>et</span> <span class='ocrx_word' id='word_1_23' title='bbox 1083 644 1203 708; x_wconf 77' lang='lat' dir='ltr'>milites</span> 
     </span>
     <span class='ocr_line' id='line_1_4' title="bbox 98 737 1295 828; baseline 0.003 -20"><span class='ocrx_word' id='word_1_24' title='bbox 98 752 200 809; x_wconf 80' lang='lat' dir='ltr'>noctu</span> <span class='ocrx_word' id='word_1_25' title='bbox 218 766 320 828; x_wconf 86' lang='lat' dir='ltr'><strong>saepe</strong></span> <span class='ocrx_word' id='word_1_26' title='bbox 333 747 458 828; x_wconf 81' lang='lat' dir='ltr'>frigora</span> <span class='ocrx_word' id='word_1_27' title='bbox 475 749 618 810; x_wconf 87' lang='lat' dir='ltr'>maxima</span> <span class='ocrx_word' id='word_1_28' title='bbox 633 749 722 810; x_wconf 88' lang='lat' dir='ltr'>ferre</span> <span class='ocrx_word' id='word_1_29' title='bbox 735 737 958 828; x_wconf 78' lang='lat' dir='ltr'>cogebantur3</span> <span class='ocrx_word' id='word_1_30' title='bbox 982 757 1062 824; x_wconf 87' lang='lat' dir='ltr'>turn,</span> <span class='ocrx_word' id='word_1_31' title='bbox 1076 756 1205 812; x_wconf 78' lang='lat' dir='ltr'>remoto</span> <span class='ocrx_word' id='word_1_32' title='bbox 1294 753 1295 758; x_wconf 75' lang='grc'>’</span> 
     </span>
     <span class='ocr_line' id='line_1_5' title="bbox 99 849 1203 932; baseline 0.004 -21"><span class='ocrx_word' id='word_1_33' title='bbox 99 849 170 932; x_wconf 87' lang='lat' dir='ltr'>igni</span> <span class='ocrx_word' id='word_1_34' title='bbox 193 862 227 914; x_wconf 92' lang='lat' dir='ltr'>et</span> <span class='ocrx_word' id='word_1_35' title='bbox 250 851 339 913; x_wconf 89' lang='lat' dir='ltr'>haud</span> <span class='ocrx_word' id='word_1_36' title='bbox 364 851 480 932; x_wconf 89' lang='lat' dir='ltr'>procul</span> <span class='ocrx_word' id='word_1_37' title='bbox 499 851 670 926; x_wconf 75' lang='lat' dir='ltr'>collocato,</span> <span class='ocrx_word' id='word_1_38' title='bbox 688 852 780 914; x_wconf 90' lang='lat' dir='ltr'>humi</span> <span class='ocrx_word' id='word_1_39' title='bbox 796 853 902 914; x_wconf 77' lang='lat' dir='ltr'>iacere</span> <span class='ocrx_word' id='word_1_40' title='bbox 920 851 1070 916; x_wconf 75' lang='lat' dir='ltr'>solebant</span> <span class='ocrx_word' id='word_1_41' title='bbox 1086 853 1203 915; x_wconf 78' lang='lat' dir='ltr'>eodem</span> 
     </span>
     <span class='ocr_line' id='line_1_6' title="bbox 73 955 1202 1039; baseline 0.004 -23"><span class='ocrx_word' id='word_1_42' title='bbox 73 955 181 1030; x_wconf 72' lang='lat' dir='ltr'>sioni,</span> <span class='ocrx_word' id='word_1_43' title='bbox 200 956 255 1018; x_wconf 92' lang='lat' dir='ltr'>ubi</span> <span class='ocrx_word' id='word_1_44' title='bbox 272 956 358 1036; x_wconf 88' lang='lat' dir='ltr'>ignis</span> <span class='ocrx_word' id='word_1_45' title='bbox 376 957 473 1018; x_wconf 90' lang='lat' dir='ltr'>modo</span> <span class='ocrx_word' id='word_1_46' title='bbox 490 957 609 1019; x_wconf 90' lang='lat' dir='ltr'>fuerat.</span> <span class='ocrx_word' id='word_1_47' title='bbox 658 957 829 1018; x_wconf 87' lang='lat' dir='ltr'>Interdum</span> <span class='ocrx_word' id='word_1_48' title='bbox 850 977 969 1039; x_wconf 89' lang='lat' dir='ltr'>aquam</span> <span class='ocrx_word' id='word_1_49' title='bbox 987 957 1118 1020; x_wconf 86' lang='lat' dir='ltr'><strong>dulcem</strong></span> <span class='ocrx_word' id='word_1_50' title='bbox 1135 965 1202 1020; x_wconf 79' lang='lat' dir='ltr'>non</span> 
     </span>
     <span class='ocr_line' id='line_1_7' title="bbox 100 1059 1028 1143; baseline 0.006 -23"><span class='ocrx_word' id='word_1_51' title='bbox 100 1059 276 1135; x_wconf 73' lang='lat' dir='ltr'>habebant,</span> <span class='ocrx_word' id='word_1_52' title='bbox 294 1070 475 1142; x_wconf 83' lang='lat' dir='ltr'>eorumque</span> <span class='ocrx_word' id='word_1_53' title='bbox 492 1062 589 1142; x_wconf 78' lang='lat' dir='ltr'>panis</span> <span class='ocrx_word' id='word_1_54' title='bbox 605 1061 759 1124; x_wconf 89' lang='lat' dir='ltr'>fluctibus</span> <span class='ocrx_word' id='word_1_55' title='bbox 776 1073 951 1143; x_wconf 91' lang='lat' dir='ltr'>corruptus</span> <span class='ocrx_word' id='word_1_56' title='bbox 967 1074 1028 1126; x_wconf 92' lang='lat' dir='ltr'>est.</span> 
     </span>
    </p>

    <p class='ocr_par' dir='ltr' id='par_1_3' title="bbox 99 1150 1203 1456">
     <span class='ocr_line' id='line_1_8' title="bbox 144 1150 1203 1250; baseline 0.002 -22"><span class='ocrx_word' id='word_1_57' title='bbox 144 1150 235 1232; x_wconf 72' lang='lat' dir='ltr'>Olim</span> <span class='ocrx_word' id='word_1_58' title='bbox 258 1167 290 1228; x_wconf 93' lang='lat' dir='ltr'>in</span> <span class='ocrx_word' id='word_1_59' title='bbox 315 1174 382 1241; x_wconf 80' lang='lat' dir='ltr'>eos,</span> <span class='ocrx_word' id='word_1_60' title='bbox 406 1186 481 1228; x_wconf 91' lang='lat' dir='ltr'>curn</span> <span class='ocrx_word' id='word_1_61' title='bbox 508 1186 614 1247; x_wconf 90' lang='lat' dir='ltr'>prope</span> <span class='ocrx_word' id='word_1_62' title='bbox 637 1165 719 1234; x_wconf 85' lang='lat' dir='ltr'>litus</span> <span class='ocrx_word' id='word_1_63' title='bbox 738 1167 907 1248; x_wconf 88' lang='lat' dir='ltr'>quoddam</span> <span class='ocrx_word' id='word_1_64' title='bbox 930 1169 1136 1250; x_wconf 74' lang='lat' dir='ltr'>navigarent,</span> <span class='ocrx_word' id='word_1_65' title='bbox 1161 1169 1203 1232; x_wconf 95' lang='lat' dir='ltr'>ab</span> 
     </span>
     <span class='ocr_line' id='line_1_9' title="bbox 99 1269 1201 1352; baseline 0.003 -19"><span class='ocrx_word' id='word_1_66' title='bbox 99 1273 215 1335; x_wconf 92' lang='lat' dir='ltr'>incolis</span> <span class='ocrx_word' id='word_1_67' title='bbox 240 1272 380 1352; x_wconf 86' lang='lat' dir='ltr'>sagittae</span> <span class='ocrx_word' id='word_1_68' title='bbox 405 1269 515 1332; x_wconf 78' lang='lat' dir='ltr'>subito</span> <span class='ocrx_word' id='word_1_69' title='bbox 537 1291 578 1332; x_wconf 87' lang='lat' dir='ltr'>ex</span> <span class='ocrx_word' id='word_1_70' title='bbox 601 1269 773 1334; x_wconf 84' lang='lat' dir='ltr'>arboribus</span> <span class='ocrx_word' id='word_1_71' title='bbox 803 1271 925 1336; x_wconf 90' lang='lat' dir='ltr'>missae</span> <span class='ocrx_word' id='word_1_72' title='bbox 949 1283 1045 1350; x_wconf 91' lang='lat' dir='ltr'>sunt;</span> <span class='ocrx_word' id='word_1_73' title='bbox 1081 1273 1201 1337; x_wconf 79' lang='lat' dir='ltr'>milites</span> 
     </span>
     <span class='ocr_line' id='line_1_10' title="bbox 99 1374 1202 1456; baseline 0.004 -18"><span class='ocrx_word' id='word_1_74' title='bbox 99 1385 221 1449; x_wconf 85' lang='lat' dir='ltr'>tamen,</span> <span class='ocrx_word' id='word_1_75' title='bbox 235 1395 310 1438; x_wconf 86' lang='lat' dir='ltr'>cum</span> <span class='ocrx_word' id='word_1_76' title='bbox 328 1380 445 1456; x_wconf 73' lang='lat' dir='ltr'>postea</span> <span class='ocrx_word' id='word_1_77' title='bbox 460 1375 494 1436; x_wconf 94' lang='lat' dir='ltr'>in</span> <span class='ocrx_word' id='word_1_78' title='bbox 508 1374 602 1437; x_wconf 92' lang='lat' dir='ltr'>litore</span> <span class='ocrx_word' id='word_1_79' title='bbox 615 1376 749 1438; x_wconf 81' lang='lat' dir='ltr'>eosdem</span> <span class='ocrx_word' id='word_1_80' title='bbox 766 1376 869 1440; x_wconf 81' lang='lat' dir='ltr'>Indos</span> <span class='ocrx_word' id='word_1_81' title='bbox 882 1377 1037 1441; x_wconf 75' lang='lat' dir='ltr'>corbulas</span> <span class='ocrx_word' id='word_1_82' title='bbox 1049 1379 1202 1442; x_wconf 91' lang='lat' dir='ltr'>manibus</span> 
     </span>
    </p>

    <p class='ocr_par' dir='ltr' id='par_1_4' title="bbox 57 1479 1203 2079">
     <span class='ocr_line' id='line_1_11' title="bbox 57 1479 1203 1554; baseline 0.007 -16"><span class='ocrx_word' id='word_1_83' title='bbox 57 1504 89 1539; x_wconf 88' lang='grc' dir='ltr'>ιο</span> <span class='ocrx_word' id='word_1_84' title='bbox 99 1487 252 1544; x_wconf 78' lang='lat' dir='ltr'>tenentes</span> <span class='ocrx_word' id='word_1_85' title='bbox 267 1479 436 1554; x_wconf 90' lang='lat' dir='ltr'>vidissent,</span> <span class='ocrx_word' id='word_1_86' title='bbox 454 1479 580 1542; x_wconf 75' lang='lat' dir='ltr'>incolas</span> <span class='ocrx_word' id='word_1_87' title='bbox 596 1479 681 1542; x_wconf 92' lang='lat' dir='ltr'>velle</span> <span class='ocrx_word' id='word_1_88' title='bbox 703 1480 907 1544; x_wconf 78' lang='lat' dir='ltr'>frumentum</span> <span class='ocrx_word' id='word_1_89' title='bbox 924 1482 986 1544; x_wconf 94' lang='lat' dir='ltr'>sibi</span> <span class='ocrx_word' id='word_1_90' title='bbox 1007 1484 1086 1546; x_wconf 89' lang='lat' dir='ltr'>dare</span> <span class='ocrx_word' id='word_1_91' title='bbox 1103 1483 1203 1546; x_wconf 78' lang='lat' dir='ltr'>credi-</span> 
     </span>
     <span class='ocr_line' id='line_1_12' title="bbox 99 1584 1202 1660; baseline 0.006 -15"><span class='ocrx_word' id='word_1_92' title='bbox 99 1584 228 1646; x_wconf 78' lang='lat' dir='ltr'>derunt.</span> <span class='ocrx_word' id='word_1_93' title='bbox 277 1584 355 1646; x_wconf 87' lang='lat' dir='ltr'>Dux</span> <span class='ocrx_word' id='word_1_94' title='bbox 378 1593 498 1659; x_wconf 87' lang='lat' dir='ltr'>autern,</span> <span class='ocrx_word' id='word_1_95' title='bbox 518 1584 655 1646; x_wconf 75' lang='lat' dir='ltr'>insidias</span> <span class='ocrx_word' id='word_1_96' title='bbox 672 1586 806 1660; x_wconf 91' lang='lat' dir='ltr'>veritus,</span> <span class='ocrx_word' id='word_1_97' title='bbox 827 1586 947 1649; x_wconf 77' lang='lat' dir='ltr'>milites</span> <span class='ocrx_word' id='word_1_98' title='bbox 969 1589 1065 1652; x_wconf 92' lang='lat' dir='ltr'>iussit</span> <span class='ocrx_word' id='word_1_99' title='bbox 1088 1589 1202 1652; x_wconf 78' lang='lat' dir='ltr'>hostes</span> 
     </span>
     <span class='ocr_line' id='line_1_13' title="bbox 99 1687 1201 1773; baseline 0.005 -24"><span class='ocrx_word' id='word_1_100' title='bbox 99 1687 189 1770; x_wconf 90' lang='lat' dir='ltr'>prius</span> <span class='ocrx_word' id='word_1_101' title='bbox 215 1694 298 1750; x_wconf 81' lang='lat' dir='ltr'>sono</span> <span class='ocrx_word' id='word_1_102' title='bbox 321 1695 486 1749; x_wconf 78' lang='lat' dir='ltr'>armorum</span> <span class='ocrx_word' id='word_1_103' title='bbox 510 1695 652 1762; x_wconf 77' lang='lat' dir='ltr'>terrere3</span> <span class='ocrx_word' id='word_1_104' title='bbox 676 1698 757 1765; x_wconf 89' lang='lat' dir='ltr'>tum,</span> <span class='ocrx_word' id='word_1_105' title='bbox 780 1709 856 1753; x_wconf 93' lang='lat' dir='ltr'>curn</span> <span class='ocrx_word' id='word_1_106' title='bbox 881 1690 958 1753; x_wconf 89' lang='lat' dir='ltr'>indi</span> <span class='ocrx_word' id='word_1_107' title='bbox 981 1694 1147 1773; x_wconf 88' lang='lat' dir='ltr'>perterriti</span> <span class='ocrx_word' id='word_1_108' title='bbox 1169 1692 1201 1755; x_wconf 93' lang='lat' dir='ltr'>in</span> 
     </span>
     <span class='ocr_line' id='line_1_14' title="bbox 99 1791 1203 1873; baseline 0.007 -20"><span class='ocrx_word' id='word_1_109' title='bbox 99 1791 198 1855; x_wconf 73' lang='lat' dir='ltr'>silvas</span> <span class='ocrx_word' id='word_1_110' title='bbox 213 1792 391 1873; x_wconf 78' lang='lat' dir='ltr'>frigissent,</span> <span class='ocrx_word' id='word_1_111' title='bbox 405 1792 514 1855; x_wconf 81' lang='lat' dir='ltr'>coloni</span> <span class='ocrx_word' id='word_1_112' title='bbox 529 1792 572 1854; x_wconf 88' lang='lat' dir='ltr'>ad</span> <span class='ocrx_word' id='word_1_113' title='bbox 589 1792 665 1855; x_wconf 92' lang='lat' dir='ltr'>litus</span> <span class='ocrx_word' id='word_1_114' title='bbox 681 1799 852 1869; x_wconf 76' lang='lat' dir='ltr'>venerunt,</span> <span class='ocrx_word' id='word_1_115' title='bbox 870 1804 904 1858; x_wconf 92' lang='lat' dir='ltr'>et</span> <span class='ocrx_word' id='word_1_116' title='bbox 921 1796 956 1856; x_wconf 93' lang='lat' dir='ltr'>in</span> <span class='ocrx_word' id='word_1_117' title='bbox 974 1796 1100 1859; x_wconf 71' lang='lat' dir='ltr'>harena</span> <span class='ocrx_word' id='word_1_118' title='bbox 1115 1797 1203 1861; x_wconf 78' lang='lat' dir='ltr'>dona</span> 
     </span>
     <span class='ocr_line' id='line_1_15' title="bbox 100 1894 1201 1981; baseline 0.005 -22"><span class='ocrx_word' id='word_1_119' title='bbox 100 1903 282 1978; x_wconf 72' lang='lat' dir='ltr'>posuerunt</span> <span class='ocrx_word' id='word_1_120' title='bbox 301 1895 413 1958; x_wconf 90' lang='lat' dir='ltr'>multa.</span> <span class='ocrx_word' id='word_1_121' title='bbox 461 1894 558 1976; x_wconf 86' lang='lat' dir='ltr'>Quae</span> <span class='ocrx_word' id='word_1_122' title='bbox 577 1916 652 1958; x_wconf 91' lang='lat' dir='ltr'>curn</span> <span class='ocrx_word' id='word_1_123' title='bbox 671 1896 747 1958; x_wconf 89' lang='lat' dir='ltr'>Iudi</span> <span class='ocrx_word' id='word_1_124' title='bbox 765 1897 979 1975; x_wconf 78' lang='lat' dir='ltr'>invenissent,</span> <span class='ocrx_word' id='word_1_125' title='bbox 1000 1901 1201 1981; x_wconf 73' lang='lat' dir='ltr'>gaudebant,</span> 
     </span>
     <span class='ocr_line' id='line_1_16' title="bbox 58 1999 1199 2079; baseline 0.005 -17"><span class='ocrx_word' id='word_1_126' title='bbox 58 2026 88 2079; x_wconf 84' lang='lat'>15</span> <span class='ocrx_word' id='word_1_127' title='bbox 99 2020 138 2063; x_wconf 92' lang='lat' dir='ltr'>ac</span> <span class='ocrx_word' id='word_1_128' title='bbox 154 2001 280 2064; x_wconf 81' lang='lat' dir='ltr'>colonis</span> <span class='ocrx_word' id='word_1_129' title='bbox 297 1999 361 2061; x_wconf 89' lang='lat' dir='ltr'>iam</span> <span class='ocrx_word' id='word_1_130' title='bbox 378 2001 459 2062; x_wconf 89' lang='lat' dir='ltr'>facti</span> <span class='ocrx_word' id='word_1_131' title='bbox 471 2007 578 2074; x_wconf 88' lang='lat' dir='ltr'>amici,</span> <span class='ocrx_word' id='word_1_132' title='bbox 591 2000 796 2063; x_wconf 79' lang='lat' dir='ltr'>frumentum</span> <span class='ocrx_word' id='word_1_133' title='bbox 814 2011 861 2064; x_wconf 91' lang='lat' dir='ltr'>eis</span> <span class='ocrx_word' id='word_1_134' title='bbox 875 2002 1016 2066; x_wconf 88' lang='lat' dir='ltr'>libenter</span> <span class='ocrx_word' id='word_1_135' title='bbox 1028 2004 1199 2068; x_wconf 76' lang='lat' dir='ltr'>dederunt.</span> 
     </span>
    </p>
   </div>
   <div class='ocr_carea' id='block_1_3' title="bbox 537 2201 771 2266">
    <p class='ocr_par' dir='ltr' id='par_1_5' title="bbox 537 2201 771 2266">
     <span class='ocr_line' id='line_1_17' title="bbox 537 2201 771 2266; baseline 0.013 -3"><span class='ocrx_word' id='word_1_136' title='bbox 537 2201 719 2266; x_wconf 89' lang='lat' dir='ltr'>LESSON</span> <span class='ocrx_word' id='word_1_137' title='bbox 753 2205 771 2265; x_wconf 92' lang='lat'><em>8</em></span> 
     </span>
    </p>
   </div>
   <div class='ocr_carea' id='block_1_4' title="bbox 338 2367 966 2457">
    <p class='ocr_par' dir='ltr' id='par_1_6' title="bbox 338 2367 966 2457">
     <span class='ocr_line' id='line_1_18' title="bbox 338 2367 966 2457; baseline 0.006 -25"><span class='ocrx_word' id='word_1_138' title='bbox 338 2367 477 2451; x_wconf 81' lang='lat' dir='ltr'>Captaz&#39;n</span> <span class='ocrx_word' id='word_1_139' title='bbox 490 2369 582 2448; x_wconf 81' lang='lat' dir='ltr'>Jolzn</span> <span class='ocrx_word' id='word_1_140' title='bbox 608 2369 719 2432; x_wconf 71' lang='lat' dir='ltr'>Smitle</span> <span class='ocrx_word' id='word_1_141' title='bbox 742 2367 966 2457; x_wconf 83' lang='lat' dir='ltr'>(Continued)</span> 
     </span>
    </p>
   </div>
   <div class='ocr_carea' id='block_1_5' title="bbox 99 2523 1199 2712">
    <p class='ocr_par' dir='ltr' id='par_1_7' title="bbox 99 2523 1199 2712">
     <span class='ocr_line' id='line_1_19' title="bbox 144 2523 1198 2606; baseline 0.006 -19"><span class='ocrx_word' id='word_1_142' title='bbox 144 2525 233 2587; x_wconf 86' lang='lat' dir='ltr'>Dum</span> <span class='ocrx_word' id='word_1_143' title='bbox 260 2524 342 2585; x_wconf 88' lang='lat' dir='ltr'>haec</span> <span class='ocrx_word' id='word_1_144' title='bbox 365 2523 461 2599; x_wconf 85' lang='lat' dir='ltr'>fiunt,</span> <span class='ocrx_word' id='word_1_145' title='bbox 489 2523 573 2596; x_wconf 94' lang='lat' dir='ltr'>Indi,</span> <span class='ocrx_word' id='word_1_146' title='bbox 599 2533 656 2606; x_wconf 93' lang='lat' dir='ltr'>qui</span> <span class='ocrx_word' id='word_1_147' title='bbox 679 2544 783 2606; x_wconf 90' lang='lat' dir='ltr'>prope</span> <span class='ocrx_word' id='word_1_148' title='bbox 806 2526 969 2589; x_wconf 77' lang='lat' dir='ltr'>coloniam</span> <span class='ocrx_word' id='word_1_149' title='bbox 993 2529 1198 2606; x_wconf 75' lang='lat' dir='ltr'>habitabant,</span> 
     </span>
     <span class='ocr_line' id='line_1_20' title="bbox 99 2626 1199 2712; baseline 0.004 -20"><span class='ocrx_word' id='word_1_150' title='bbox 99 2629 292 2692; x_wconf 80' lang='lat' dir='ltr'>colonorum</span> <span class='ocrx_word' id='word_1_151' title='bbox 317 2626 430 2708; x_wconf 73' lang='lat' dir='ltr'>copias</span> <span class='ocrx_word' id='word_1_152' title='bbox 456 2647 556 2708; x_wconf 92' lang='lat' dir='ltr'>saepe</span> <span class='ocrx_word' id='word_1_153' title='bbox 583 2628 775 2709; x_wconf 73' lang='lat' dir='ltr'>rapiebant3</span> <span class='ocrx_word' id='word_1_154' title='bbox 801 2637 879 2712; x_wconf 90' lang='lat' dir='ltr'>quin</span> <span class='ocrx_word' id='word_1_155' title='bbox 906 2633 1006 2694; x_wconf 86' lang='lat' dir='ltr'>etiarn</span> <span class='ocrx_word' id='word_1_156' title='bbox 1031 2634 1199 2696; x_wconf 88' lang='lat' dir='ltr'>interdum</span> 
     </span>
    </p>
   </div>
   <div class='ocr_carea' id='block_1_6' title="bbox 59 2760 1246 3974">
    <p class='ocr_par' dir='ltr' id='par_1_8' title="bbox 59 2760 1246 3974">
     <span class='ocr_line' id='line_1_21' title="bbox 147 2760 1200 2839; baseline 0.009 -26"><span class='ocrx_word' id='word_1_157' title='bbox 147 2780 170 2813; x_wconf 87' lang='lat'>1.</span> <span class='ocrx_word' id='word_1_158' title='bbox 202 2775 262 2813; x_wconf 76' lang='lat' dir='ltr'>esse</span> <span class='ocrx_word' id='word_1_159' title='bbox 297 2761 485 2814; x_wconf 71' lang='lat' dir='ltr'>inventurum:</span> <span class='ocrx_word' id='word_1_160' title='bbox 525 2760 621 2814; x_wconf 85' lang='lat' dir='ltr'>would</span> <span class='ocrx_word' id='word_1_161' title='bbox 675 2764 814 2829; x_wconf 83' lang='lat' dir='ltr'>corruptus</span> <span class='ocrx_word' id='word_1_162' title='bbox 833 2767 891 2817; x_wconf 86' lang='lat' dir='ltr'>est:</span> <span class='ocrx_word' id='word_1_163' title='bbox 912 2770 1057 2836; x_wconf 75' lang='lat' dir='ltr'>corrumpi,</span> <span class='ocrx_word' id='word_1_164' title='bbox 1072 2783 1097 2836; x_wconf 86' lang='lat'>3,</span> <span class='ocrx_word' id='word_1_165' title='bbox 1119 2772 1200 2839; x_wconf 65' lang='lat' dir='ltr'>rapi,</span> 
     </span>
     <span class='ocr_line' id='line_1_22' title="bbox 97 2840 880 2914; baseline 0.004 -19"><span class='ocrx_word' id='word_1_166' title='bbox 97 2843 282 2912; x_wconf 69' lang='lat' dir='ltr'>find-qui:</span> <span class='ocrx_word' id='word_1_167' title='bbox 297 2840 331 2896; x_wconf 89' lang='lat' dir='ltr'>cf.</span> <span class='ocrx_word' id='word_1_168' title='bbox 352 2847 414 2908; x_wconf 79' lang='lat' dir='ltr'>quit,</span> <span class='ocrx_word' id='word_1_169' title='bbox 433 2859 462 2912; x_wconf 91' lang='lat' dir='ltr'>p.</span> <span class='ocrx_word' id='word_1_170' title='bbox 480 2857 500 2907; x_wconf 88' lang='lat' dir='ltr'>r,</span> <span class='ocrx_word' id='word_1_171' title='bbox 521 2842 539 2894; x_wconf 93' lang='lat' dir='ltr'>l.</span> <span class='ocrx_word' id='word_1_172' title='bbox 558 2857 597 2894; x_wconf 87' lang='lat'>12.</span> <span class='ocrx_word' id='word_1_173' title='bbox 674 2847 789 2910; x_wconf 82' lang='lat' dir='ltr'>-ruptus,</span> <span class='ocrx_word' id='word_1_174' title='bbox 802 2845 880 2914; x_wconf 74' lang='lat' dir='ltr'>spoz&#39;l.</span> 
     </span>
     <span class='ocr_line' id='line_1_23' title="bbox 145 2928 1200 2999; baseline 0.005 -20"><span class='ocrx_word' id='word_1_175' title='bbox 145 2951 169 2986; x_wconf 63' lang='grc' dir='ltr'>η,</span> <span class='ocrx_word' id='word_1_176' title='bbox 190 2935 218 2985; x_wconf 73' lang='lat' dir='ltr'>et</span> <span class='ocrx_word' id='word_1_177' title='bbox 238 2971 245 2985; x_wconf 86' lang='lat'>,</span> <span class='ocrx_word' id='word_1_178' title='bbox 265 2971 272 2984; x_wconf 85' lang='lat'><em>,</em></span> <span class='ocrx_word' id='word_1_179' title='bbox 294 2971 301 2985; x_wconf 86' lang='lat'>,</span> <span class='ocrx_word' id='word_1_180' title='bbox 321 2937 364 2986; x_wconf 70' lang='lat' dir='ltr'>et:</span> <span class='ocrx_word' id='word_1_181' title='bbox 390 2933 449 2986; x_wconf 71' lang='lat' dir='ltr'>both</span> <span class='ocrx_word' id='word_1_182' title='bbox 470 2972 476 2984; x_wconf 91' lang='grc'>,</span> <span class='ocrx_word' id='word_1_183' title='bbox 497 2972 503 2985; x_wconf 84' lang='grc'><strong>,</strong></span> <span class='ocrx_word' id='word_1_184' title='bbox 526 2972 531 2985; x_wconf 91' lang='grc'>,</span> <span class='ocrx_word' id='word_1_185' title='bbox 553 2933 620 2986; x_wconf 72' lang='lat' dir='ltr'>and,</span> <span class='ocrx_word' id='word_1_186' title='bbox 738 2942 763 2988; x_wconf 81' lang='lat'>9·</span> <span class='ocrx_word' id='word_1_187' title='bbox 783 2928 920 2980; x_wconf 74' lang='lat' dir='ltr'>corbulia:</span> <span class='ocrx_word' id='word_1_188' title='bbox 946 2929 1062 2996; x_wconf 75' lang='lat' dir='ltr'>corbulo,</span> <span class='ocrx_word' id='word_1_189' title='bbox 1088 2946 1140 2996; x_wconf 76' lang='grc' dir='ltr'>-ιο,</span> <span class='ocrx_word' id='word_1_190' title='bbox 1164 2946 1200 2999; x_wconf 71' lang='lat' dir='ltr'>a,</span> 
     </span>
     <span class='ocr_line' id='line_1_24' title="bbox 60 3006 1198 3081; baseline 0.008 -23"><span class='ocrx_word' id='word_1_191' title='bbox 60 3017 61 3020; x_wconf 73' lang='grc'>’</span> <span class='ocrx_word' id='word_1_192' title='bbox 144 3032 167 3078; x_wconf 83' lang='lat'>3·</span> <span class='ocrx_word' id='word_1_193' title='bbox 187 3015 322 3066; x_wconf 67' lang='lat' dir='ltr'>maxima:</span> <span class='ocrx_word' id='word_1_194' title='bbox 356 3012 399 3067; x_wconf 78' lang='lat' dir='ltr'>sor</span> <span class='ocrx_word' id='word_1_195' title='bbox 433 3013 480 3067; x_wconf 78' lang='lat' dir='ltr'>the</span> <span class='ocrx_word' id='word_1_196' title='bbox 511 3013 620 3067; x_wconf 69' lang='lat' dir='ltr'>various</span> <span class='ocrx_word' id='word_1_197' title='bbox 673 3006 967 3062; x_wconf 79' lang='lat' dir='ltr'>basket.—manibus:</span> <span class='ocrx_word' id='word_1_198' title='bbox 988 3010 1028 3064; x_wconf 95' lang='lat' dir='ltr'>for</span> <span class='ocrx_word' id='word_1_199' title='bbox 1044 3020 1152 3081; x_wconf 82' lang='lat' dir='ltr'>syntax,</span> <span class='ocrx_word' id='word_1_200' title='bbox 1162 3013 1198 3067; x_wconf 89' lang='lat' dir='ltr'>cf.</span> 
     </span>
     <span class='ocr_line' id='line_1_25' title="bbox 98 3089 964 3163; baseline -0.005 -17"><span class='ocrx_word' id='word_1_201' title='bbox 98 3093 257 3163; x_wconf 88' lang='lat' dir='ltr'>renderings</span> <span class='ocrx_word' id='word_1_202' title='bbox 288 3090 321 3146; x_wconf 91' lang='lat' dir='ltr'>of</span> <span class='ocrx_word' id='word_1_203' title='bbox 349 3107 472 3160; x_wconf 77' lang='lat' dir='ltr'>magnus,</span> <span class='ocrx_word' id='word_1_204' title='bbox 498 3109 543 3146; x_wconf 87' lang='lat' dir='ltr'>see</span> <span class='ocrx_word' id='word_1_205' title='bbox 574 3093 622 3147; x_wconf 92' lang='lat' dir='ltr'>the</span> <span class='ocrx_word' id='word_1_206' title='bbox 671 3089 795 3157; x_wconf 66' lang='lat' dir='ltr'>nivibus,</span> <span class='ocrx_word' id='word_1_207' title='bbox 807 3106 835 3157; x_wconf 93' lang='lat' dir='ltr'>p.</span> <span class='ocrx_word' id='word_1_208' title='bbox 849 3089 874 3156; x_wconf 87' lang='lat'>6,</span> <span class='ocrx_word' id='word_1_209' title='bbox 887 3090 906 3142; x_wconf 92' lang='lat' dir='ltr'>l.</span> <span class='ocrx_word' id='word_1_210' title='bbox 924 3105 964 3143; x_wconf 91' lang='lat'>10.</span> 
     </span>
     <span class='ocr_line' id='line_1_26' title="bbox 98 3171 1089 3242; baseline -0.002 -14"><span class='ocrx_word' id='word_1_211' title='bbox 98 3173 329 3229; x_wconf 83' lang='lat' dir='ltr'>Vocab—tum:</span> <span class='ocrx_word' id='word_1_212' title='bbox 354 3179 387 3227; x_wconf 84' lang='lat' dir='ltr'>at</span> <span class='ocrx_word' id='word_1_213' title='bbox 408 3173 472 3226; x_wconf 81' lang='lat' dir='ltr'>such</span> <span class='ocrx_word' id='word_1_214' title='bbox 490 3176 624 3226; x_wconf 73' lang='lat' dir='ltr'>timen-</span> <span class='ocrx_word' id='word_1_215' title='bbox 722 3187 762 3232; x_wconf 85' lang='lat'>¹4·</span> <span class='ocrx_word' id='word_1_216' title='bbox 782 3183 867 3235; x_wconf 78' lang='lat' dir='ltr'>quae:</span> <span class='ocrx_word' id='word_1_217' title='bbox 886 3171 958 3224; x_wconf 76' lang='lat' dir='ltr'>these</span> <span class='ocrx_word' id='word_1_218' title='bbox 973 3173 1089 3242; x_wconf 89' lang='lat' dir='ltr'>(noun).</span> 
     </span>
     <span class='ocr_line' id='line_1_27' title="bbox 98 3251 1246 3325; baseline 0 -18"><span class='ocrx_word' id='word_1_219' title='bbox 98 3258 212 3308; x_wconf 73' lang='lat' dir='ltr'>remoti:</span> <span class='ocrx_word' id='word_1_220' title='bbox 227 3258 357 3319; x_wconf 76' lang='lat' dir='ltr'>removeo,</span> <span class='ocrx_word' id='word_1_221' title='bbox 370 3269 395 3322; x_wconf 87' lang='lat'>2,</span> <span class='ocrx_word' id='word_1_222' title='bbox 409 3258 500 3317; x_wconf 74' lang='lat' dir='ltr'>-mivi</span> <span class='ocrx_word' id='word_1_223' title='bbox 514 3258 623 3320; x_wconf 73' lang='lat' dir='ltr'>-mitus,</span> <span class='ocrx_word' id='word_1_224' title='bbox 724 3265 763 3314; x_wconf 82' lang='lat'>15·</span> <span class='ocrx_word' id='word_1_225' title='bbox 783 3251 955 3305; x_wconf 74' lang='lat' dir='ltr'>factiamici:</span> <span class='ocrx_word' id='word_1_226' title='bbox 967 3252 1057 3324; x_wconf 85' lang='lat' dir='ltr'>freely,</span> <span class='ocrx_word' id='word_1_227' title='bbox 1066 3255 1201 3325; x_wconf 80' lang='lat' dir='ltr'>becoming</span> <span class='ocrx_word' id='word_1_228' title='bbox 1244 3277 1246 3280; x_wconf 95' lang='lat'>·</span> 
     </span>
     <span class='ocr_line' id='line_1_28' title="bbox 98 3332 1198 3406; baseline 0 -18"><span class='ocrx_word' id='word_1_229' title='bbox 98 3353 182 3388; x_wconf 77' lang='lat' dir='ltr'>move.</span> <span class='ocrx_word' id='word_1_230' title='bbox 673 3332 804 3403; x_wconf 77' lang='lat' dir='ltr'>friendly</span> <span class='ocrx_word' id='word_1_231' title='bbox 814 3333 898 3404; x_wconf 76' lang='lat' dir='ltr'>(faeti</span> <span class='ocrx_word' id='word_1_232' title='bbox 906 3333 977 3387; x_wconf 90' lang='lat' dir='ltr'>from</span> <span class='ocrx_word' id='word_1_233' title='bbox 986 3335 1052 3403; x_wconf 82' lang='lat' dir='ltr'>fio).</span> <span class='ocrx_word' id='word_1_234' title='bbox 1081 3335 1198 3406; x_wconf 91' lang='lat' dir='ltr'>English</span> 
     </span>
     <span class='ocr_line' id='line_1_29' title="bbox 143 3412 1200 3485; baseline 0.002 -17"><span class='ocrx_word' id='word_1_235' title='bbox 143 3435 169 3480; x_wconf 87' lang='lat'>4.</span> <span class='ocrx_word' id='word_1_236' title='bbox 190 3419 281 3469; x_wconf 89' lang='lat' dir='ltr'>humi:</span> <span class='ocrx_word' id='word_1_237' title='bbox 301 3433 336 3469; x_wconf 84' lang='lat' dir='ltr'>on</span> <span class='ocrx_word' id='word_1_238' title='bbox 349 3415 394 3469; x_wconf 81' lang='lat' dir='ltr'>the</span> <span class='ocrx_word' id='word_1_239' title='bbox 401 3417 518 3485; x_wconf 81' lang='lat' dir='ltr'>ground</span> <span class='ocrx_word' id='word_1_240' title='bbox 523 3435 533 3482; x_wconf 86' lang='lat'>,·</span> <span class='ocrx_word' id='word_1_241' title='bbox 551 3416 624 3471; x_wconf 92' lang='lat' dir='ltr'>loca-</span> <span class='ocrx_word' id='word_1_242' title='bbox 675 3412 750 3467; x_wconf 90' lang='lat' dir='ltr'>often</span> <span class='ocrx_word' id='word_1_243' title='bbox 767 3431 830 3468; x_wconf 90' lang='lat' dir='ltr'>uses</span> <span class='ocrx_word' id='word_1_244' title='bbox 845 3430 946 3484; x_wconf 89' lang='lat' dir='ltr'>apres.</span> <span class='ocrx_word' id='word_1_245' title='bbox 961 3425 1030 3485; x_wconf 86' lang='lat' dir='ltr'>part.</span> <span class='ocrx_word' id='word_1_246' title='bbox 1043 3417 1133 3470; x_wconf 88' lang='lat' dir='ltr'>where</span> <span class='ocrx_word' id='word_1_247' title='bbox 1153 3417 1200 3471; x_wconf 89' lang='lat' dir='ltr'>the</span> 
     </span>
     <span class='ocr_line' id='line_1_30' title="bbox 97 3493 1117 3567; baseline 0 -17"><span class='ocrx_word' id='word_1_248' title='bbox 97 3497 152 3552; x_wconf 88' lang='lat' dir='ltr'>tive</span> <span class='ocrx_word' id='word_1_249' title='bbox 163 3514 271 3552; x_wconf 82' lang='lat' dir='ltr'>case—</span> <span class='ocrx_word' id='word_1_250' title='bbox 277 3499 370 3551; x_wconf 78' lang='lat' dir='ltr'>eodem</span> <span class='ocrx_word' id='word_1_251' title='bbox 382 3499 454 3550; x_wconf 79' lang='lat' dir='ltr'>loci:</span> <span class='ocrx_word' id='word_1_252' title='bbox 469 3497 516 3551; x_wconf 91' lang='lat' dir='ltr'>the</span> <span class='ocrx_word' id='word_1_253' title='bbox 527 3515 624 3567; x_wconf 93' lang='lat' dir='ltr'>prepo-</span> <span class='ocrx_word' id='word_1_254' title='bbox 675 3493 778 3563; x_wconf 84' lang='lat' dir='ltr'>perfect</span> <span class='ocrx_word' id='word_1_255' title='bbox 790 3494 880 3548; x_wconf 90' lang='lat' dir='ltr'>would</span> <span class='ocrx_word' id='word_1_256' title='bbox 893 3494 927 3549; x_wconf 87' lang='lat' dir='ltr'>be</span> <span class='ocrx_word' id='word_1_257' title='bbox 942 3513 1018 3550; x_wconf 87' lang='lat' dir='ltr'>more</span> <span class='ocrx_word' id='word_1_258' title='bbox 1030 3505 1117 3550; x_wconf 89' lang='lat' dir='ltr'>exact.</span> 
     </span>
     <span class='ocr_line' id='line_1_31' title="bbox 59 3577 1198 3649; baseline 0.002 -17"><span class='ocrx_word' id='word_1_259' title='bbox 59 3585 61 3590; x_wconf 88' lang='grc'><strong>’</strong></span> <span class='ocrx_word' id='word_1_260' title='bbox 97 3579 194 3632; x_wconf 90' lang='lat' dir='ltr'>sitions</span> <span class='ocrx_word' id='word_1_261' title='bbox 207 3580 236 3630; x_wconf 89' lang='lat' dir='ltr'>in</span> <span class='ocrx_word' id='word_1_262' title='bbox 248 3579 303 3631; x_wconf 85' lang='lat' dir='ltr'>and</span> <span class='ocrx_word' id='word_1_263' title='bbox 316 3593 350 3630; x_wconf 83' lang='lat' dir='ltr'>ex</span> <span class='ocrx_word' id='word_1_264' title='bbox 362 3595 407 3632; x_wconf 87' lang='lat' dir='ltr'>are</span> <span class='ocrx_word' id='word_1_265' title='bbox 422 3577 496 3632; x_wconf 86' lang='lat' dir='ltr'>osten</span> <span class='ocrx_word' id='word_1_266' title='bbox 514 3577 625 3649; x_wconf 87' lang='lat' dir='ltr'>lacking</span> <span class='ocrx_word' id='word_1_267' title='bbox 721 3584 761 3630; x_wconf 83' lang='lat'>16.</span> <span class='ocrx_word' id='word_1_268' title='bbox 782 3580 863 3631; x_wconf 76' lang='lat' dir='ltr'>haec:</span> <span class='ocrx_word' id='word_1_269' title='bbox 883 3579 954 3631; x_wconf 78' lang='lat' dir='ltr'>these</span> <span class='ocrx_word' id='word_1_270' title='bbox 965 3578 1198 3648; x_wconf 67' lang='lat' dir='ltr'>things—fiunt:</span> 
     </span>
     <span class='ocr_line' id='line_1_32' title="bbox 98 3658 1197 3731; baseline 0.002 -19"><span class='ocrx_word' id='word_1_271' title='bbox 98 3659 160 3712; x_wconf 88' lang='lat' dir='ltr'>with</span> <span class='ocrx_word' id='word_1_272' title='bbox 174 3661 230 3713; x_wconf 77' lang='lat' dir='ltr'>locri</span> <span class='ocrx_word' id='word_1_273' title='bbox 242 3659 297 3712; x_wconf 84' lang='lat' dir='ltr'>and</span> <span class='ocrx_word' id='word_1_274' title='bbox 310 3661 385 3712; x_wconf 83' lang='lat' dir='ltr'>locis.</span> <span class='ocrx_word' id='word_1_275' title='bbox 675 3658 704 3710; x_wconf 90' lang='lat' dir='ltr'>in</span> <span class='ocrx_word' id='word_1_276' title='bbox 716 3658 882 3713; x_wconf 88' lang='lat' dir='ltr'>connection</span> <span class='ocrx_word' id='word_1_277' title='bbox 897 3658 962 3712; x_wconf 90' lang='lat' dir='ltr'>with</span> <span class='ocrx_word' id='word_1_278' title='bbox 977 3662 1049 3726; x_wconf 78' lang='lat' dir='ltr'>dum,</span> <span class='ocrx_word' id='word_1_279' title='bbox 1063 3660 1111 3715; x_wconf 88' lang='lat' dir='ltr'>the</span> <span class='ocrx_word' id='word_1_280' title='bbox 1126 3678 1197 3731; x_wconf 90' lang='lat' dir='ltr'>pres.</span> 
     </span>
     <span class='ocr_line' id='line_1_33' title="bbox 142 3737 1198 3810; baseline 0.002 -18"><span class='ocrx_word' id='word_1_281' title='bbox 142 3756 167 3805; x_wconf 78' lang='lat'>5.</span> <span class='ocrx_word' id='word_1_282' title='bbox 189 3742 340 3793; x_wconf 82' lang='lat' dir='ltr'>interdum:</span> <span class='ocrx_word' id='word_1_283' title='bbox 361 3739 396 3793; x_wconf 83' lang='lat' dir='ltr'>cf.</span> <span class='ocrx_word' id='word_1_284' title='bbox 410 3757 438 3809; x_wconf 91' lang='lat' dir='ltr'>p.</span> <span class='ocrx_word' id='word_1_285' title='bbox 457 3755 479 3805; x_wconf 90' lang='lat'>1,</span> <span class='ocrx_word' id='word_1_286' title='bbox 497 3740 515 3792; x_wconf 91' lang='lat' dir='ltr'>l.</span> <span class='ocrx_word' id='word_1_287' title='bbox 541 3755 624 3792; x_wconf 93' lang='lat'><em>10.-</em></span> <span class='ocrx_word' id='word_1_288' title='bbox 675 3738 759 3792; x_wconf 88' lang='lat' dir='ltr'>indic.</span> <span class='ocrx_word' id='word_1_289' title='bbox 774 3737 797 3792; x_wconf 91' lang='lat' dir='ltr'>is</span> <span class='ocrx_word' id='word_1_290' title='bbox 811 3737 943 3793; x_wconf 90' lang='lat' dir='ltr'>rendered</span> <span class='ocrx_word' id='word_1_291' title='bbox 956 3757 986 3793; x_wconf 87' lang='lat' dir='ltr'>as</span> <span class='ocrx_word' id='word_1_292' title='bbox 999 3758 1035 3794; x_wconf 87' lang='lat' dir='ltr'>an</span> <span class='ocrx_word' id='word_1_293' title='bbox 1048 3741 1198 3810; x_wconf 83' lang='lat' dir='ltr'>imperfect.</span> 
     </span>
     <span class='ocr_line' id='line_1_34' title="bbox 96 3819 1200 3892; baseline 0 -17"><span class='ocrx_word' id='word_1_294' title='bbox 96 3824 216 3875; x_wconf 78' lang='lat' dir='ltr'>dulcem:</span> <span class='ocrx_word' id='word_1_295' title='bbox 231 3823 326 3886; x_wconf 76' lang='lat' dir='ltr'>dulcis,</span> <span class='ocrx_word' id='word_1_296' title='bbox 336 3822 382 3885; x_wconf 81' lang='lat' dir='ltr'>-is,</span> <span class='ocrx_word' id='word_1_297' title='bbox 390 3836 425 3885; x_wconf 77' lang='lat' dir='ltr'>-e,</span> <span class='ocrx_word' id='word_1_298' title='bbox 426 3819 520 3892; x_wconf 76' lang='lat' dir='ltr'>fresh.</span> <span class='ocrx_word' id='word_1_299' title='bbox 720 3836 759 3884; x_wconf 84' lang='lat'>¹⁷·</span> <span class='ocrx_word' id='word_1_300' title='bbox 782 3821 941 3885; x_wconf 72' lang='lat' dir='ltr'>rapiebant:</span> <span class='ocrx_word' id='word_1_301' title='bbox 964 3821 1060 3873; x_wconf 86' lang='lat' dir='ltr'>would</span> <span class='ocrx_word' id='word_1_302' title='bbox 1076 3822 1162 3888; x_wconf 80' lang='lat' dir='ltr'>steal‚·</span> <span class='ocrx_word' id='word_1_303' title='bbox 1183 3838 1200 3875; x_wconf 89' lang='lat' dir='ltr'>a</span> 
     </span>
     <span class='ocr_line' id='line_1_35' title="bbox 141 3899 1198 3974; baseline -0.002 -18"><span class='ocrx_word' id='word_1_304' title='bbox 141 3910 166 3956; x_wconf 79' lang='lat'>6.</span> <span class='ocrx_word' id='word_1_305' title='bbox 184 3903 266 3970; x_wconf 74' lang='lat' dir='ltr'>pinis</span> <span class='ocrx_word' id='word_1_306' title='bbox 292 3903 352 3974; x_wconf 69' lang='lat' dir='ltr'>(is,</span> <span class='ocrx_word' id='word_1_307' title='bbox 383 3901 454 3971; x_wconf 82' lang='lat' dir='ltr'>M.):</span> <span class='ocrx_word' id='word_1_308' title='bbox 485 3899 624 3954; x_wconf 60' lang='lat' dir='ltr'>breard-</span> <span class='ocrx_word' id='word_1_309' title='bbox 672 3899 976 3971; x_wconf 87' lang='lat' dir='ltr'>commonmeaningof</span> <span class='ocrx_word' id='word_1_310' title='bbox 980 3901 1027 3954; x_wconf 89' lang='lat' dir='ltr'>the</span> <span class='ocrx_word' id='word_1_311' title='bbox 1035 3901 1109 3972; x_wconf 88' lang='lat' dir='ltr'>impf.</span> <span class='ocrx_word' id='word_1_312' title='bbox 1117 3903 1198 3956; x_wconf 90' lang='lat' dir='ltr'>indic.</span> 
     </span>
    </p>
   </div>
   <div class='ocr_carea' id='block_1_7' title="bbox 0 0 1416 4292">
    <p class='ocr_par' dir='ltr' id='par_1_9' title="bbox 0 0 1416 4292">
     <span class='ocr_line' id='line_1_36' title="bbox 0 0 1416 4292; baseline 0 0"><span class='ocrx_word' id='word_1_313' title='bbox 0 0 1416 4292; x_wconf 95' lang='lat' dir='ltr'> </span> 
     </span>
    </p>
   </div>
  </div>
 </body>
</html>
