2920 4296
482 337 596 397 FIRST
622 338 746 397 LATIN
771 337 936 396 READER
1200 355 1259 419 139

158 515 337 581 lectianem
361 518 506 594 facisset,
530 518 675 581 hostium
698 519 842 600 impetus
866 517 1021 581 sustineri
1043 526 1110 582 nan
1134 529 1257 601 posset,

158 619 283 685 litteras
315 623 451 686 Caesari
482 624 617 698 remisit,
649 623 769 704 quibus
800 623 946 685 ostendit
976 635 1136 704 quantum
1168 633 1258 687 esset

157 726 340 807 periculum
364 726 541 808 docuitque
560 733 676 789 omnes
696 725 863 807 peditatus
884 727 1117 808 equitatusque
1142 727 1256 809 capias

157 829 377 893 Traverarum
394 830 456 893 tria
473 831 560 892 milia
578 850 736 911 passuum
753 830 795 892 ab
813 838 880 893 suis
896 838 1012 893 castris
1029 831 1230 895 causedisse.

132 945 146 998 5
201 934 333 1010 Caesar,
345 934 483 997 cansilia
492 935 563 997 eius
574 935 723 1016 probata,
735 944 799 998 etsi
808 936 965 1017 opinione
975 936 1073 997 trium
1087 921 1255 1016 legionum

156 1038 303 1101 deiectus
320 1038 362 1100 ad
378 1039 461 1101 duas
477 1039 628 1115 redierat,
646 1058 779 1102 omnem
798 1047 910 1102 tamen
931 1041 1118 1102 communis
1140 1039 1256 1103 salutis

156 1161 250 1223 spem
267 1144 299 1204 in
317 1143 485 1206 celeritate
502 1143 657 1224 patrabat.
702 1142 804 1207 Venit
819 1144 921 1224 igitur
937 1153 1066 1223 magnis
1083 1143 1256 1206 itineribus

156 1246 190 1307 in
220 1246 417 1308 Nerviarum
443 1246 538 1308 linas.
596 1246 647 1309 lbi
677 1267 718 1310 ex
744 1254 884 1328 captivis
911 1249 1082 1327 cognoscit
1109 1267 1196 1328 quae
1222 1248 1255 1309 in

158 1349 327 1413 Ciceronis
344 1350 492 1413 hibernis
514 1359 682 1431 gerantur,
700 1357 890 1433 quantaque
906 1349 939 1412 in
957 1349 1105 1432 pericula
1119 1349 1239 1413 ras‘sit.

572 1571 757 1637 LESSON
794 1587 851 1650 1¹3

313 1737 344 1801 T
338 1739 379 1802 lte
401 1738 563 1822 Best'cged
583 1740 674 1802 learn
697 1741 738 1821 of
756 1737 903 1804 Caesar’s
925 1739 1095 1832 Approoclz

115 1925 146 1962 to
200 1894 318 1975 ltaque
331 1894 462 1956 cuidam
475 1913 516 1956 ex
527 1893 694 1975 equitibus
708 1893 811 1956 Gallis
822 1894 945 1958 Caesar
957 1900 1088 1974 magnis
1099 1894 1254 1976 praemiis

154 1997 326 2077 persuasit,
356 2006 391 2058 ut
422 1997 464 2058 ad
496 1997 692 2060 Ciceronem
727 1997 904 2078 epistulam
936 1996 1091 2060 deterret.
1144 1998 1253 2068 Hanc

154 2099 291 2163 Graecis
314 2101 430 2162 litteris
455 2110 611 2182 scriptam
637 2101 733 2174 misit,
752 2107 795 2162 ne
816 2101 913 2164 Galla
932 2102 1118 2183 intercepta
1140 2111 1254 2164 nostra

154 2203 290 2266 cansilia
306 2203 348 2266 ab
365 2203 514 2266 hostibus
531 2211 821 2284 cagnascerentur.
866 2194 1006 2267 Homini
1018 2205 1193 2287 imperavit
1205 2213 1252 2281 ut,

153 2315 182 2370 si
202 2307 341 2370 hiberna
366 2308 489 2370 intrare
514 2315 580 2369 nan
607 2316 730 2389 posset,
755 2308 921 2388 tragulam
946 2329 1022 2372 cum
1044 2309 1187 2391 epistula
1209 2309 1251 2370 ad

114 2433 143 2486 ¹5
153 2417 321 2474 amentum
345 2411 491 2492 deligata
514 2411 600 2473 intra
624 2413 824 2474 munitionis
845 2412 999 2476 abiceret.
1049 2413 1088 2475 ln
1108 2413 1252 2495 epistula

153 2516 285 2596 scripsit
315 2522 351 2577 se
382 2535 457 2577 cum
496 2514 681 2596 legianibus
719 2515 906 2597 proiectum
938 2517 1090 2580 celeriter
1118 2516 1250 2588 adfore;

154 2617 347 2682 Ciceranem
364 2620 516 2681 hortatus
531 2629 631 2682 estut
647 2621 819 2700 pristinam
836 2619 991 2682 virtutem
1009 2620 1174 2683 retineret.

196 2767 219 2803 1.
246 2751 372 2804 fecisset:
404 2750 440 2806 cf.
465 2754 678 2818 exspectassent,
730 2753 764 2807 he
777 2753 1008 2808 hadarrestedas
1021 2753 1056 2807 he
1070 2753 1254 2807 marched.-

152 2848 180 2902 p.
198 2846 255 2898 104,
268 2833 286 2884 l.
304 2833 345 2884 18.
729 2849 812 2900 quas:
838 2842 911 2888 neut.
933 2833 1142 2904 interrogative:
1166 2842 1254 2888 trans·

196 2929 221 2964 2.
248 2914 359 2978 quibus:
387 2911 420 2966 cl.
443 2929 469 2982 p.
490 2913 533 2980 38,
553 2911 569 2964 l.
593 2912 678 2965 16.—
728 2911 905 2982 lateassing.
922 2911 1028 2982 (quid).
1053 2942 1055 2947 ·

152 2995 239 3045 osset:
259 2991 321 3061 why
333 2991 522 3062 subjunctive?
775 3009 814 3044 10.
841 3008 889 3044 ex:
909 2993 1100 3062 ‹if-Gallis:
1117 2989 1181 3044 with
1195 2991 1250 3061 adj.

197 3090 222 3136 4.
249 3075 436 3124 treverorum:
475 3073 619 3142 belonging
651 3080 679 3126 to
728 3071 809 3126 force.
846 3071 908 3126 The
923 3073 1030 3142 cavalry
1043 3072 1076 3126 of
1084 3072 1130 3126 the
1144 3075 1254 3126 Roman

152 3153 197 3206 the
212 3154 238 3205 T
233 3155 456 3205 revera-suis:
476 3151 529 3204 lus.
728 3169 804 3227 army
810 3170 864 3205 was
873 3152 1006 3206 recruited
1014 3151 1191 3222 largelyfrom
1201 3152 1254 3206 for-

196 3247 221 3297 5.
247 3234 386 3299 opinione:
415 3233 513 3299 opinio,
538 3235 618 3299 -anis,
643 3248 676 3298 u,
728 3233 791 3302 eign
805 3233 914 3287 nations
927 3232 975 3304 (cf.
985 3232 1032 3286 the
1046 3239 1111 3286 note
1125 3249 1161 3286 on
1174 3234 1253 3301 legio,

151 3316 318 3382 expectatzbn
327 3331 336 3378 ,·
353 3312 386 3366 ci.
401 3312 448 3366 the
457 3313 560 3366 similar
569 3314 676 3383 phrase,
728 3330 753 3382 p.
770 3314 857 3382 125,l.
874 3316 931 3384 14).

151 3409 179 3462 p.
197 3408 253 3462 125,
266 3393 285 3446 l.
301 3408 314 3462 5
329 3391 357 3444 ff.
773 3412 813 3444 11.
839 3397 999 3461 epistulam:
1015 3396 1141 3462 epistula,
1153 3407 1253 3462 -ss,r.,

194 3480 220 3525 6.
243 3475 377 3526 redierat:
404 3475 447 3526 tle.
473 3475 534 3527 had
552 3475 613 3528 been
635 3492 678 3528 re·
727 3473 813 3527 letter.

150 3555 242 3607 duced.
773 3572 812 3606 ια.
838 3554 916 3611 Gallis
935 3557 1099 3622 intercepta:
1122 3554 1254 3609 translate

195 3651 219 3700 7.
246 3637 337 3688 venit:
367 3634 441 3688 what
465 3635 566 3689 tense?
596 3637 677 3706 (note
727 3635 973 3705 byacouditional
987 3636 1086 3690 clause.

151 3715 197 3769 the
221 3716 420 3784 s).—magnis
446 3716 604 3769 itineribus:
633 3718 674 3769 sle.
773 3730 813 3779 ¹5·
839 3719 993 3769 amentum:
1014 3720 1163 3781 amentum,
1176 3719 1253 3781 -i‚u.‚

150 3797 253 3867 forced
268 3795 398 3848 marolus.
727 3798 1001 3865 strab—deligata:
1017 3797 1112 3861 deligis,
1122 3810 1144 3855 1,
1145 3797 1253 3866 fasten.

195 3883 220 3929 8.
245 3879 380 3944 captivis:
411 3877 454 3929 ia.
476 3876 561 3931 Gauls
587 3876 677 3929 whom
774 3882 814 3928 16.
840 3876 945 3930 idiote:
965 3875 1173 3929 assumtam
1185 3890 1252 3927 esse.
