2920 4296
458 314 573 372 FIRST
598 313 721 372 LATIN
748 313 913 373 READER
1178 337 1234 381 111

133 495 367 560 moriebantur.
415 495 492 578 Qua
509 495 609 559 moda
624 515 725 578 saepe
741 495 867 559 iactum
885 505 936 560 est
952 506 989 560 ut
1004 507 1078 574 vivi,
1096 497 1236 564 vinculis

132 609 262 677 retenti,
278 602 366 664 inter
382 608 529 664 mortuas
548 601 656 663 iacere
676 608 885 682 erigerentur,
903 601 1009 665 danes
1030 610 1164 684 postera
1182 603 1236 667 dia

132 714 254 770 nautae
270 706 438 770 solverent
453 689 600 768 mortuas
615 724 821 787 corporaque
837 705 871 768 in
887 725 979 769 mare
994 705 1173 771 abicerent.

555 1034 739 1100 LESSON
769 1051 811 1116 92

508 1218 539 1281 A
564 1218 683 1282 Pirate
708 1218 855 1282 Outdone

175 1384 246 1447 Illis
269 1383 484 1466 temporibus,
505 1403 581 1446 cum
606 1393 693 1446 servi
716 1383 850 1466 plurimi
874 1404 913 1447 ex
929 1372 1048 1449 africa
1070 1386 1104 1448 in
1128 1394 1232 1450 terras

106 1488 277 1558 sdiversas
308 1494 622 1569 transponerentur,
655 1507 757 1570 saepe
787 1487 821 1550 in
854 1498 937 1550 mari
970 1489 1232 1554 coniaratianem

129 1591 216 1655 inter
234 1599 271 1655 sa
289 1602 411 1655 nautae
433 1592 596 1666 iecerunt,
614 1592 815 1674 dominaque
834 1593 929 1656 navis
951 1603 1008 1656 aut
1026 1597 1178 1658 coniecta
1198 1597 1232 1658 in

128 1697 262 1760 vincula
281 1706 338 1760 aut
358 1696 545 1772 interfecta,
563 1697 682 1759 ducem
702 1717 824 1759 novum
846 1699 911 1779 ipsi
931 1698 1140 1779 deligabant3
1166 1707 1233 1782 qua

129 1801 229 1865 moda
251 1809 379 1883 piratae
402 1800 484 1863 iacti
507 1801 691 1863 secundum
716 1801 793 1864 litus
810 1789 949 1865 africae
973 1803 1060 1865 ultra
1082 1804 1231 1886 citraque

128 1906 333 1988 navigabant
348 1916 381 1969 et
397 1912 499 1967 navas
514 1905 665 1986 gentium
682 1906 871 1987 spoliabant
886 1908 1043 1969 omnium.

90 2029 120 2066 ¹0
173 2010 323 2093 Quarum
346 2017 522 2073 enumero
541 2010 677 2092 quidam
696 2011 729 2071 in
752 2020 883 2092 portum
903 2011 980 2074 alim
1000 2019 1087 2075 vecti
1105 2012 1231 2094 longin-

128 2135 241 2196 quum,
259 2115 314 2178 ubi
331 2114 363 2178 in
381 2115 476 2178 litore
493 2114 654 2178 collocata
669 2124 765 2178 erant
783 2124 893 2178 castra
907 2136 1012 2198 parva
1029 2117 1229 2194 Britannica,

128 2219 272 2300 legatum
303 2219 368 2283 tala
396 2238 580 2301 aurumque
607 2227 625 2280 a
654 2227 771 2282 castris
800 2219 840 2282 ad
873 2228 909 2283 se
940 2222 1070 2284 mittere
1101 2229 1231 2284 summa

128 2323 284 2406 superbia
311 2326 488 2388 iusserunt.
548 2323 610 2387 Ille
637 2331 724 2400 vara,
749 2325 799 2386 vir
826 2327 987 2388 maximae
1012 2325 1229 2403 canstantiae‚

127 2450 243 2492 aurum
257 2429 430 2510 respondit
445 2436 480 2491 sa
497 2435 564 2491 nan
581 2428 735 2491 datarum
748 2449 831 2505 esse,
846 2430 905 2492 sed
920 2431 987 2492 tala
1003 2430 1144 2512 libenter
1157 2433 1231 2493 mis-

87 2542 250 2611 15sarum‚
273 2544 302 2597 si
324 2542 438 2597 earum
463 2534 555 2595 navis
580 2532 717 2615 propius
741 2533 944 2596 accessisset.
992 2535 1078 2597 Tum
1103 2543 1230 2617 piratae

126 2645 174 2701 ira
190 2646 348 2702 commati
363 2647 472 2700 castra
487 2638 647 2699 acerrima
666 2637 774 2700 adorti
793 2647 879 2713 sunt,
897 2659 936 2701 ac
955 2638 1085 2719 lagatus
1104 2639 1231 2703 Britan·

127 2743 230 2819 nicus,
248 2752 425 2825 postquam
446 2742 512 2804 tela
529 2741 725 2804 defecerunt
746 2749 896 2804 <icastris
919 2750 956 2804 se
971 2743 1121 2825 recipere
1137 2751 1229 2807 coac-

126 2857 190 2923 tus,
223 2854 392 2928 postrema
425 2845 467 2908 ab
506 2845 657 2909 hostibus
689 2855 806 2926 captus
838 2856 906 2922 est;
947 2857 1004 2928 qui
1038 2867 1114 2910 eum
1153 2867 1229 2910 cum

126 2951 319 3016 custodibus
350 2949 526 3014 confestim
558 2951 600 3012 ad
631 2949 750 3012 ducem
783 2957 951 3014 miserunt.
1001 2952 1070 3014 Iste
1104 2952 1229 3016 scilicet

188 3153 211 3187 ι.
238 3135 433 3188 mactabantur:
456 3131 489 3186 cl.
500 3134 650 3198 rapiebant,
747 3149 787 3185 12.
813 3147 922 3185 aurum:
961 3133 998 3188 do
1036 3141 1085 3187 not
1115 3133 1229 3188 confuse

124 3233 152 3285 p.
174 3229 198 3282 7,
217 3215 234 3268 l.
257 3213 451 3280 17.—taotum
474 3216 517 3265 est
540 3216 587 3266 ut:
614 3212 649 3267 cf.
700 3227 794 3266 eurum
812 3212 876 3265 with
894 3215 993 3265 auris..

125 3313 152 3366 p.
168 3295 239 3363 74‚l.
256 3310 295 3366 ¹5·
747 3311 787 3356 14.
813 3295 945 3345 libenter:
972 3293 1007 3348 cl.
1030 3295 1078 3348 the
1100 3303 1166 3348 note
1190 3311 1228 3348 on

187 3394 212 3440 3.
238 3378 375 3431 solverent
466 3413 472 3426 .
497 3377 648 3427 abicerent:
701 3392 729 3444 p.
743 3391 786 3444 93,
798 3373 817 3426 l.
832 3391 858 3444 9.

125 3457 256 3511 translate
286 3456 354 3510 both
386 3456 434 3509 the
464 3454 650 3525 subjunctives
747 3470 787 3519 ¹5·
812 3456 986 3509 accessisset:
1013 3455 1047 3510 cf.
1074 3459 1147 3510 esset
1171 3471 1230 3524 per·

125 3537 275 3592 “should.”
701 3539 803 3603 ruptus,
817 3553 844 3606 p.
862 3550 919 3603 107,
931 3536 950 3590 l.
965 3552 991 3605 3.

186 3635 210 3683 ⁵·
238 3623 320 3671 mari:
339 3617 539 3687 thelu'glrscas.
748 3623 786 3669 1⁶.
813 3620 853 3669 ira
872 3621 1012 3671 commati:
1039 3617 1131 3688 freely,
1147 3617 1233 3688 filled

186 3707 211 3753 Β.
237 3704 357 3767 piratae:
378 3698 517 3769 predicate
530 3715 610 3764 nom..
700 3697 769 3750 with
780 3697 884 3751 wrath.

185 3799 210 3846 9.
237 3785 336 3833 navae:
356 3794 508 3832 commerce.
746 3785 786 3830 18.
813 3794 873 3831 cum
887 3781 1058 3833 custadibue:
1079 3781 1122 3832 ae.
1138 3780 1229 3834 under

170 3880 209 3919 ro.
236 3867 266 3916 a:
285 3862 324 3938 os.
697 3860 952 3933 gerard-ducem:
976 3859 1075 3933 (their)
1090 3861 1168 3934 clariſs
