2824 4292
210 325 251 384 44
536 307 648 366 nusi*
674 307 795 366 onim
824 307 988 366 nonunt

211 487 386 572 agricolae,
412 497 469 570 qui
492 495 511 552 Ξ
535 489 676 572 pueritia
700 509 792 553 arma
814 490 904 554 ferre
927 489 1015 553 soliti
1038 499 1153 564 erant,
1179 487 1341 569 undique

211 591 322 657 statim
339 599 586 670 convenerunt;
619 594 861 676 Germanisque
879 601 1003 675 magno
1018 613 1096 656 cum
1116 593 1340 655 detrimento

210 717 251 760 ex
262 696 318 761 ille
335 698 504 779 provincii
520 698 691 762 discidere
707 705 840 775 coactis,
857 699 1092 780 impertitorem
1113 696 1243 780 ipsum
1263 719 1339 760 mox

210 801 369 866 acerrime
400 802 507 866 adorti
536 813 615 866 sunt
645 801 848 878 Americini
872 809 1013 886 quorum
1043 802 1078 864 in
1103 801 1186 866 dies
1213 803 1338 884 copiae

186 905 351 978 §maiores
368 907 503 971 fiebant.

255 1009 332 1094 Quo
355 1012 482 1095 proelio
503 1012 582 1076 victi
605 1013 728 1090 hostes,
751 1020 808 1096 qui
829 1013 896 1076 iam
919 1012 1074 1078 omnibus
1097 1033 1143 1076 ex
1168 1012 1334 1096 partibus

210 1114 457 1195 obsidebantur,
488 1117 523 1180 in
555 1117 727 1183 Canadam
758 1117 866 1182 redire
897 1123 1004 1202 primo
1035 1117 1166 1181 iristrei
1203 1125 1331 1191 coniti,

211 1227 381 1302 postremo
403 1221 613 1285 Americinis
636 1222 670 1284 in
693 1221 895 1286 deditionem
918 1229 1091 1285 venerunt.
1146 1222 1248 1285 Tum
1275 1229 1332 1285 sci-

210 1323 287 1389 licet
315 1325 424 1389 coloni
453 1331 569 1389 omnes
592 1326 764 1388 ecfrenite
787 1325 989 1408 gaudebant,
1014 1325 1105 1409 quod
1130 1327 1328 1408 periculum

171 1449 202 1486 ιο
211 1429 389 1490 maximum
413 1428 574 1510 effugisse
598 1428 806 1493 videbantur.
863 1429 930 1494 Sed
954 1428 1033 1492 alibi
1055 1430 1174 1492 hostes
1199 1433 1328 1492 {criter

209 1530 373 1614 gerebant
384 1530 527 1608 bellum;
551 1532 645 1596 cuius
661 1539 801 1596 eventus
816 1533 926 1596 adhuc
943 1535 1085 1595 maxime
1097 1532 1230 1596 dubius
1243 1543 1325 1596 erat.

636 1838 820 1902 LESSON
851 1854 893 1918 39

651 2017 760 2098 Vallcy
781 2016 884 2101 Forge

256 2183 346 2246 Dum
368 2194 530 2264 geruntur
550 2184 643 2259 haec,
660 2184 702 2247 de
721 2184 840 2266 quibus
861 2185 960 2247 modo
976 2185 1051 2258 dixi,
1071 2183 1225 2246 Britanni
1243 2184 1316 2245 Phi-

210 2285 413 2367 ladelphiam
429 2294 627 2370 oppugnare
642 2287 816 2370 parebant,
835 2307 921 2368 quae
940 2288 1018 2351 urbs
1035 2297 1104 2350 tum
1123 2296 1197 2349 erat
1214 2299 1315 2368 caput

211 2399 259 2452 rei
284 2388 436 2471 publicae
460 2390 693 2454 Amencinae.
752 2392 852 2454 Unde
876 2392 1051 2472 Vasingto,
1076 2391 1171 2454 cuius
1196 2393 1313 2472 copiae

172 2501 351 2567 15numer6
374 2504 470 2558 erant
493 2495 598 2558 multo
621 2496 805 2570 inferiores,
824 2495 937 2558 hostes
961 2495 1177 2558 nullomodo
1200 2502 1311 2557 arcere

212 2606 356 2679 poterat;
381 2604 484 2679 quire
512 2606 648 2661 senitus
675 2600 716 2661 ad
745 2597 835 2660 aliud
863 2597 1023 2681 oppidum
1052 2605 1089 2661 se
1114 2599 1247 2679 recepit,
1274 2618 1310 2660 ac

213 2700 444 2782 Philadelphia
459 2703 553 2765 millo
569 2703 772 2766 defendente
789 2709 809 2764 5
827 2704 995 2765 Britannis
1011 2712 1111 2785 capta
1127 2711 1188 2764 est.

272 2901 298 2946 4.
324 2883 438 2935 inditis:
451 2883 534 2954 from
546 2883 601 2952 day
612 2891 640 2937 to
651 2884 715 2951 day.
834 2902 874 2948 13.
900 2888 1060 2950 queeurbs:
1079 2883 1125 2937 tlte
1139 2885 1194 2951 city
1204 2883 1307 2950 which5

272 2970 297 3015 ⁶.
323 2964 448 3016 omnibus
472 2979 506 3015 ex
531 2967 669 3030 partibus:
700 2981 735 3017 on
787 2964 828 3017 lit.
842 2965 933 3019 what?

210 3044 253 3099 oll
260 3046 340 3097 sides.
834 3062 874 3110 15,
901 3050 1024 3099 numero:
1069 3045 1111 3099 for
1140 3053 1246 3114 syntax,
1273 3044 1304 3099 cs.

272 3133 297 3177 8.
324 3127 506 3178 Americfinis:
526 3126 582 3179 dat.
597 3143 669 3180 case.
787 3130 886 3192 animo,
903 3144 930 3197 p.
949 3141 992 3197 37,
1007 3126 1024 3179 l.
1038 3143 1081 3178 20.
1092 3128 1233 3178 -multoz
1248 3126 1301 3196 (by)

272 3224 298 3270 9.
324 3208 410 3271 quod:
430 3205 616 3276 conjunction.
788 3208 873 3261 ntucle

257 3305 296 3339 10.
322 3289 499 3339 videbantur:
532 3304 571 3342 sc.
600 3289 662 3356 sibi,
689 3291 733 3341 tle.
833 3295 873 3342 ιο.
900 3291 1027 3341 sonitus:
1051 3289 1192 3358 Congress.

210 3368 272 3437 they
287 3369 393 3421 secmcd
407 3373 434 3420 to
449 3368 623 3435 themelvcsf
645 3367 735 3438 freely‚
835 3387 875 3436 ¹⁷·
901 3372 990 3423 millo:
1011 3369 1159 3439 supplying
1172 3367 1217 3421 the
1231 3366 1302 3420 miss-

210 3448 271 3517 they
282 3447 397 3518 thought
407 3448 469 3502 that
481 3449 550 3517 they,
563 3457 615 3504 etc.
789 3451 837 3522 ing
859 3450 913 3504 abl.
938 3449 970 3504 of
992 3453 1079 3502 nimo.
1090 3481 1126 3490 -
1135 3449 1298 3502 defendente:

257 3546 297 3581 11.
324 3532 468 3594 gerebant:
494 3538 560 3584 note
578 3530 626 3584 the
647 3539 735 3584 tense.
788 3549 828 3585 sc.
868 3546 930 3582 eam
968 3530 1027 3598 (tle.
1066 3529 1297 3597 Philadelphum).
1381 3577 1382 3614 p

210 3610 373 3662 —mexime
388 3612 501 3664 dubius:
521 3612 558 3680 by
575 3611 622 3663 the
641 3611 738 3679 prefix-
790 3613 845 3662 for
866 3609 914 3662 the
932 3625 1004 3676 pres.
1025 3618 1103 3677 part,
1121 3609 1206 3677 being
1222 3608 1297 3660 active
1381 3631 1382 3644 π

211 3691 260 3759 ing
273 3690 305 3743 of
313 3693 440 3756 maximi,
451 3707 487 3742 an
499 3690 554 3756 adj.
570 3693 616 3756 (or
626 3689 702 3756 adv.)
715 3688 745 3738 is,
790 3688 819 3738 in
841 3688 976 3756 meaning,
996 3704 1057 3755 may
1077 3688 1139 3740 take
1164 3703 1199 3741 an
1220 3686 1296 3754 object

212 3768 303 3820 raised
315 3776 345 3821 to
358 3768 406 3820 the
418 3766 581 3834 superlative
594 3766 702 3834 degree.
791 3781 859 3816 even
881 3765 961 3816 when
981 3764 1057 3828 used,
1076 3782 1106 3817 as
1127 3766 1199 3831 here,
1216 3765 1241 3818 in
1256 3765 1295 3818 the

260 3862 301 3896 ιι.
327 3848 408 3896 haec:
430 3850 502 3894 neut.
515 3843 551 3911 pl.
792 3840 848 3892 abl.
862 3841 951 3894 absol.
965 3843 1161 3896 construction.
