2920 4296
464 350 578 408 FIRST
603 349 726 407 LATIN
752 349 916 406 READER
1180 366 1240 429 129

126 540 362 616 erumperent,
379 541 480 615 atque
498 530 705 613 iniquissimo
727 533 849 594 nostris
869 529 942 593 loco
966 529 1128 611 proelium
1154 549 1240 593 com-

139 638 333 702 mitteretur.
396 637 549 712 Sabinus,
581 645 638 718 qui
668 635 777 698 adhic
814 634 897 697 nihil
933 636 1121 716 suspicatus
1158 644 1238 710 erat,

137 742 298 806 acerrimo
315 742 460 805 hostium
476 742 602 822 impeti]
627 741 842 802 vehementer
863 746 1059 814 commotus,
1076 737 1110 800 in
1132 746 1239 802 omnis

138 855 250 929 partes
268 844 458 928 properavit
474 864 512 907 ac
528 845 682 907 cohortes
698 843 876 924 disponere
892 849 1031 905 conatus
1047 852 1117 906 est:
1142 843 1240 907 Cotta

114 959 225 1028 svers),
249 959 305 1033 qui
329 949 532 1030 cogitaverat
560 949 643 1011 haec
677 967 776 1029 posse
807 948 841 1010 in
870 947 986 1011 itinere
1010 948 1170 1023 accidere,
1197 947 1239 1010 ob

138 1076 278 1137 eamque
302 1074 436 1118 causam
461 1060 636 1116 censuerat
663 1073 703 1116 ex
731 1052 878 1114 hibernis
907 1061 973 1115 non
1001 1053 1239 1115 discedendum

137 1180 220 1236 esse,
237 1160 344 1223 virum
367 1178 525 1241 magnum
546 1158 677 1222 interim
700 1164 735 1220 se
754 1157 955 1238 praebebam
980 1157 1134 1221 omnibus
1150 1158 1239 1220 enim

138 1266 244 1327 modis
269 1271 438 1328 commimi
459 1263 654 1327 consulebat
679 1263 787 1339 saliti,
805 1283 844 1326 ac
872 1261 1054 1326 fortissime
1073 1259 1182 1324 officia
1206 1269 1241 1324 et

137 1368 346 1449 imperatoris
362 1378 395 1432 et
411 1369 523 1431 militis
540 1367 638 1431 simul
653 1368 853 1448 praestabat.

99 1503 129 1538 ιο
180 1473 277 1548 Turn,
306 1474 395 1556 quod
427 1482 564 1555 propter
595 1472 838 1554 longitndinem
868 1471 1012 1555 agminis
1042 1479 1110 1534 non
1141 1470 1240 1533 facile

137 1576 303 1658 provideri
319 1587 449 1660 poterat
468 1577 547 1660 quid
567 1585 699 1660 quoque
719 1577 792 1640 loco
812 1576 1004 1640 faciendum
1024 1586 1122 1651 esset,
1140 1575 1242 1656 legati

137 1690 205 1743 suis
221 1682 470 1762 imperaverunt
492 1692 538 1758 ut,
555 1682 802 1765 impedimentis
824 1680 956 1756 relictis,
972 1682 1007 1743 in
1029 1679 1143 1744 orbern
1165 1687 1240 1742 con-

137 1785 300 1850 sisterent.
348 1786 449 1868 Quod
465 1787 640 1849 consilium
656 1783 736 1865 (etsi
751 1786 869 1849 eodem
885 1787 1103 1867 imperatores
1119 1793 1241 1847 summi

136 1889 169 1952 in
186 1889 256 1952 eius
270 1892 360 1953 modi
376 1897 454 1953 casii
471 1897 520 1954 sati
535 1891 660 1972 solent)
674 1898 745 1952 turn
759 1888 847 1951 haud
855 1888 997 1952 feliciter
1009 1888 1144 1964 accidit;
1161 1908 1239 1950 nam

91 1991 125 2070 ἰς
137 1994 259 2069 hostes,
282 2002 350 2056 non
371 1994 443 2057 sine
467 1994 611 2056 maximo
631 1994 750 2056 timore
770 1993 1009 2074 impedimenta
1033 1999 1053 2054 a
1078 1992 1239 2054 Romanis

135 2097 249 2161 relicta
265 2118 339 2161 esse
355 2107 427 2174 rati,
445 2099 543 2161 etiam
562 2098 669 2160 acrius
686 2096 751 2159 iarn
768 2096 1015 2161 dimicaverunt.

182 2306 204 2340 r.
231 2291 348 2342 nostrin:
388 2287 444 2341 dat.
482 2303 560 2354 case3
598 2304 664 2341 con·
772 2288 1170 2340 8.comm1·rni...oalr‘1ti:
1198 2285 1242 2340 ior

135 2375 209 2422 strue
228 2366 296 2420 with
314 2369 666 2433 iniquissimo—commit·
711 2375 819 2437 syntax,
840 2366 872 2420 cf.
892 2384 917 2435 p.
937 2366 1153 2434 126‚1.8.-0t
1173 2407 1179 2419 .
1202 2406 1208 2418 .
1231 2405 1238 2419 .

135 2450 251 2500 teretur:
300 2457 365 2502 note
402 2448 449 2501 the
479 2447 664 2513 termination‚
712 2451 756 2501 et:
777 2446 944 2501 correlative.

135 2527 225 2582 which
245 2527 378 2582 indicates
398 2527 445 2581 the
464 2545 527 2582 case
546 2528 578 2582 oi
594 2521 666 2595 pr'oe·
774 2546 799 2591 9.
826 2529 940 2581 militis:
967 2545 985 2582 a
1006 2528 1107 2582 soldier
1130 2530 1175 2600 (in
1195 2528 1242 2581 tlte

135 2610 212 2660 lium.
712 2609 827 2676 ranks).

179 2706 205 2753 3.
231 2692 373 2742 acerrimo:
401 2690 532 2744 translate
552 2689 600 2743 the
620 2707 665 2743 su·
758 2707 796 2742 ro.
815 2690 1027 2755 longitndinem:
1094 2691 1241 2757 longitndin,

135 2768 266 2839 perlative
280 2770 507 2840 “exceedingly.”
711 2771 785 2836 -inis,
804 2784 839 2837 F„
857 2776 948 2823 ment
967 2770 1016 2841 (cf.
1037 2773 1158 2839 longus).

179 2869 205 2915 4.
231 2853 368 2905 cohortes:
395 2859 442 2904 ten
466 2851 578 2905 cohorts
600 2868 665 2905 con·
756 2868 796 2903 11.
822 2852 971 2917 provideri:
992 2859 1058 2904 note
1070 2851 1117 2905 the
1130 2851 1182 2904 lant
1193 2851 1241 2904 let·

135 2931 250 2986 stituted
270 2948 288 2985 a
312 2931 405 3003 legion
429 2934 469 3003 (p.
498 2946 554 3002 125,
579 2932 596 2985 l.
625 2946 664 2999 14,
712 2940 753 2986 ter
775 2930 806 2986 of
822 2931 870 2986 the
893 2932 1146 2998 worn-quoque:
1170 2931 1239 2986 from

135 3011 226 3081 note).
712 3012 1056 3078 quisque—faciendum:
1075 3013 1109 3067 cf.
1120 3014 1166 3066 the
1175 3023 1240 3068 note

179 3109 205 3157 5.
232 3097 312 3146 haec:
351 3096 517 3148 nent-ob
553 3108 665 3159 eamque
712 3093 936 3163 onp.128,l.1.

135 3189 258 3227 causam:
289 3175 336 3228 the
363 3192 439 3245 prep.
463 3177 496 3228 ob
521 3174 589 3228 does
617 3182 665 3228 not
758 3193 796 3226 12.
822 3175 1240 3230 inorbemzi.c.soastolorm

136 3255 264 3310 combine
277 3254 341 3309 with
353 3271 424 3322 -qne,
435 3254 524 3310 which
534 3255 566 3320 is,
576 3254 665 3308 there·
712 3273 729 3308 a
740 3255 829 3310 circle.

135 3333 202 3403 fore,
221 3336 322 3406 passed
341 3352 379 3390 on
404 3344 433 3390 to
453 3335 500 3390 the
525 3334 666 3406 following
756 3354 795 3400 1³·
823 3339 929 3390 eidem:
957 3335 1088 3409 referring
1106 3345 1136 3391 to
1154 3338 1240 3390 cinsi-

136 3414 221 3470 word.
711 3419 788 3469 lium.

180 3513 205 3562 7.
231 3499 322 3550 virum
339 3512 482 3564 magnum:
507 3495 585 3567 pred.
604 3514 662 3552 acc.
759 3516 798 3562 14.
826 3502 912 3551 modi:
932 3504 999 3552 sort.

136 3580 339 3644 —praebebatz
359 3580 479 3645 praebeo,
493 3592 518 3645 2,
527 3581 578 3646 -uI,¹
588 3579 664 3646 ltus,
759 3586 797 3631 1⁶.
824 3581 910 3632 etiam
917 3581 1019 3632 icriuo:
1035 3579 1093 3651 (all
1097 3578 1156 3650 the)
1166 3596 1241 3634 more

135 3657 219 3712 show.
706 3659 827 3731 fiercely.
887 3713 890 3720 ,
