2920 4296
225 313 285 378 154
545 301 659 359 rmsr
684 303 806 360 nnrru
834 303 998 361 uuonan

223 489 291 544 unt.
348 479 425 564 Qua
451 489 486 544 re
509 463 746 546 'animadversa
771 485 1002 566 exercitusque
1029 485 1148 549 timore
1178 487 1327 568 cognito,

223 585 342 660 VaruS,
374 585 568 650 bucinatore
598 586 888 672 tabernaculisque
923 595 1038 670 paucis
1068 590 1101 650 in
1133 597 1251 653 castris
1284 590 1330 653 ad

223 689 368 771 speciem
394 689 524 764 relictis,
542 692 639 753 tertia
665 690 778 772 vigilia
805 691 968 774 reliquum
992 711 1126 775 quoque
1144 692 1329 757 exercitum
1444 703 1445 718 ¹

223 792 355 856 silentio
370 792 404 854 in
421 792 581 875 oppidum
597 793 737 857 reducit.

632 1042 817 1109 LESSON
853 1060 911 1123 123

356 1228 454 1310 King
468 1227 561 1307 Juba
586 1226 732 1292 makes
755 1237 786 1290 to
809 1226 863 1291 tlte
885 1227 1005 1311 Relies
1019 1230 1061 1311 os
1086 1229 1191 1293 Varus

202 1403 216 1457 5
271 1382 432 1445 Postridie
454 1383 526 1445 eius
549 1381 614 1445 diei
637 1381 739 1446 Citrio
762 1381 914 1446 obsidere
939 1384 1073 1447 Uticam
1093 1383 1214 1466 coepit.
1261 1384 1332 1448 Sed

226 1486 292 1549 iam
308 1485 351 1548 ad
367 1485 483 1548 urbem
506 1487 705 1567 perveniunt
721 1491 742 1547 a
756 1493 835 1567 rege
856 1486 940 1549 Iuba
959 1489 1076 1561 nuntii,
1093 1497 1152 1569 qui
1166 1486 1259 1550 illum
1276 1488 1334 1551 ad·

227 1609 302 1654 esse
317 1596 448 1671 maguis
464 1608 539 1651 cum
556 1589 659 1669 copiis
676 1589 789 1652 dicant
804 1589 1058 1672 oppidanosque
1075 1591 1117 1653 de
1133 1591 1333 1654 defensione

228 1693 318 1758 urbis
333 1693 516 1756 hortentur.
565 1692 815 1757 Nuntiabantur
838 1693 922 1757 haec
937 1694 1055 1757 eadem
1073 1695 1218 1759 Curioni.
1268 1696 1334 1758 Ille
1447 1743 1448 1774 1

228 1809 340 1862 tamen
364 1803 471 1879 primo
494 1803 607 1878 regem
631 1796 712 1859 nihil
735 1804 852 1860 contra
868 1803 904 1860 se
919 1805 1078 1864 ausurum
1101 1799 1333 1874 existimabam
1447 1791 1448 1794 ¹

189 1903 288 1966 rosed
311 1901 368 1965 ubi
390 1901 509 1965 certior
531 1909 583 1963 est
613 1901 723 1964 iactus
752 1903 867 1983 copias
895 1901 999 1964 Iubae
1023 1902 1065 1965 ab
1089 1903 1191 1967 Utica
1222 1902 1334 1966 minus

229 2015 375 2090 quinque
391 2015 424 2069 et
439 2005 557 2086 viginti
572 2005 662 2068 milia
678 2025 837 2087 passuum
853 2005 982 2082 abesse,
1002 2007 1123 2070 relictis
1147 2009 1336 2070 munitioni-

228 2112 291 2175 bus
322 2117 396 2174 sese
424 2111 459 2172 in
491 2108 609 2172 Castra
641 2109 796 2174 Cornelia
825 2111 960 2200 recepit.
1013 2111 1092 2174 Huc
1123 2118 1336 2193 comportare

230 2215 340 2298 coepit
355 2215 475 2289 omnia,
493 2233 578 2296 quae
598 2213 640 2276 ad
664 2214 869 2277 obsidionem
887 2215 1117 2278 sustinendam
1134 2222 1211 2278 usui
1225 2226 1333 2279 erant.
1352 2271 1354 2274 ,
1449 2209 1450 2212 '

275 2320 366 2383 Dum
390 2320 472 2382 haec
495 2318 592 2393 fiunt,
616 2337 657 2381 ex
680 2317 856 2400 oppidanis
887 2319 1039 2401 perfugis
1062 2320 1189 2382 audivit
1214 2318 1336 2383 Iubam

191 2423 295 2498 15ali6
317 2423 405 2487 bello
428 2443 502 2486 esse
525 2429 727 2498 revocatum,
745 2432 779 2485 et
802 2422 993 2498 Saburram,
1017 2421 1089 2486 eius
1113 2424 1334 2514 praelectum,

231 2537 341 2609 parvis
366 2547 440 2591 cum
468 2525 572 2607 copiis
603 2526 725 2590 Uticae
754 2528 1035 2609 appropinquare.
1102 2527 1179 2610 Quo
1209 2528 1334 2604 audito,

231 2630 403 2695 consilium
419 2638 545 2694 temere
561 2631 710 2706 mutavit,
727 2630 919 2714 proelioque
938 2651 1008 2694 rem
1032 2631 1237 2695 committere
1259 2639 1337 2694 con-

292 2801 316 2835 α.
343 2785 511 2836 bucinatore:
525 2783 672 2848 bucinitor,
685 2783 758 2848 -bris,
855 2799 893 2834 η.
921 2784 1166 2837 cutracmella:
1187 2799 1233 2837 see
1251 2783 1335 2854 again

230 2879 275 2932 nr„
293 2866 543 2933 trumpeter.-ad
558 2864 691 2930 speciem:
711 2864 756 2915 rie.
807 2861 855 2915 the
868 2879 931 2932 map
943 2880 981 2918 on
992 2880 1020 2932 p.
1037 2863 1096 2930 146.

231 2955 260 3000 to
271 2946 341 3015 keep
353 2962 389 3014 up
399 2945 446 2998 the
456 2961 626 3014 appearance
638 2943 670 2998 oi
679 2960 757 2997 occu·
854 2960 894 3007 ¹3·
920 2944 1025 2997 omnia:
1045 2945 1088 2997 all
1098 2951 1171 2998 sorts
1184 2945 1221 3017 os
1229 2944 1334 3015 things.

230 3043 329 3097 pancy.
689 3076 697 3090 ,
806 3026 1030 3078 —obsidionem
1045 3024 1077 3079 oi
1086 3025 1133 3079 the
1143 3042 1219 3079 same
1228 3023 1337 3079 deriva-

292 3123 318 3172 5.
344 3109 401 3160 eius
421 3108 489 3160 diei:
510 3105 579 3161 omit
591 3106 620 3159 in
630 3105 758 3159 translat·
806 3105 865 3159 tion
877 3123 908 3160 as
921 3105 969 3160 the
978 3104 1044 3158 verb
1057 3107 1185 3172 obsidere,
1198 3105 1217 3158 l.
1232 3121 1256 3174 5.

230 3188 288 3260 ing.
326 3188 388 3241 The
409 3205 472 3258 gen.
488 3187 612 3255 depends
625 3203 699 3256 upon
709 3186 756 3239 the
852 3204 892 3251 1⁴·
918 3185 1056 3254 perfugis:
1082 3185 1147 3238 with
1172 3183 1225 3256 adj.
1250 3184 1335 3252 force,

230 3270 273 3323 die
285 3269 373 3323 which
393 3277 483 3322 enters
502 3267 561 3321 into
579 3266 626 3320 the
645 3283 758 3336 compo·
805 3268 950 3338 desertrirg.

230 3349 314 3404 sition
327 3348 358 3404 of
367 3350 505 3416 postridie.
852 3364 890 3413 15.
915 3349 969 3401 alili
990 3349 1077 3401 bello:
1101 3346 1156 3402 abl.
1178 3345 1210 3401 of
1226 3363 1335 3401 means.

196 3422 198 3427 ’
291 3437 317 3482 ⁶.
343 3433 426 3482 Iuba:
450 3445 496 3483 see
516 3429 562 3482 the
581 3436 647 3483 note
667 3446 705 3483 on
726 3446 754 3498 p.
806 3429 976 3499 Apparently
995 3428 1050 3482 this
1069 3428 1134 3482 item
1153 3427 1185 3482 of
1200 3444 1275 3481 news
1295 3445 1338 3482 re·

232 3511 322 3578 148,l.
338 3525 363 3581 5.
805 3509 923 3581 garding
952 3508 1047 3578 Juba's
1079 3516 1250 3563 movements
1278 3525 1338 3563 was

292 3598 318 3643 8.
344 3593 409 3644 baec
421 3593 530 3644 eadem:
555 3598 646 3657 neut.;
669 3598 758 3643 trans·
806 3589 983 3660 deliberately
995 3589 1154 3655 fabricated,
1162 3589 1209 3642 the
1223 3593 1239 3621 “
1245 3589 1340 3644 deser-

230 3670 285 3725 late
296 3687 328 3724 as
340 3670 470 3740 singular.
806 3671 901 3726 tions”
916 3669 986 3725 irom
1003 3669 1050 3723 the
1069 3669 1124 3740 city
1142 3669 1245 3740 having
1264 3669 1340 3724 been

276 3767 316 3802 ιο.
343 3751 448 3802 minus:
467 3749 519 3802 less
531 3747 646 3818 (than);
662 3747 696 3803 ci.
709 3749 757 3803 the
806 3749 926 3819 planned
948 3748 991 3804 ior
1012 3750 1060 3802 the
1083 3766 1194 3818 express
1215 3766 1340 3819 purpose

230 3847 279 3882 use
292 3827 324 3882 oi
332 3831 459 3896 amplius,
470 3846 499 3898 p.
517 3843 574 3895 101,
586 3829 606 3881 1.
620 3844 646 3898 3.
806 3828 839 3883 of
847 3828 991 3900 deceiving
1003 3829 1096 3883 Curio.
