2920 4296
204 267 263 346 148
525 269 640 327 FIRST
666 269 789 330 LATIN
814 271 979 329 READER

246 448 310 512 His
326 447 426 512 rebus
441 457 554 531 gestis,
569 450 671 514 Curis)
687 457 723 513 se
738 451 772 513 in
786 461 895 514 castra
907 450 950 514 ad
968 450 1158 533 Bagradam
1174 450 1301 532 recipit,

201 560 401 636 posteroque
418 554 472 616 die
487 553 667 617 exercitum
685 554 818 619 Uticam
839 554 931 618 ducit
953 567 987 618 et
1011 575 1117 637 prope
1141 554 1301 636 oppidum

200 668 309 722 castra
325 659 429 740 penit.
480 658 638 720 Nondum
660 678 763 740 opere
786 667 971 722 castr6rum
995 659 1154 741 perfecti),
1173 658 1303 740 equitfes

199 783 240 826 ex
256 762 398 826 statidne
414 764 569 825 nuntiant
588 782 712 844 magna
730 763 850 825 auxilia
869 764 1018 845 equitum
1042 762 1260 845 peditumque
1282 768 1304 824 a

175 874 279 949 stege
306 865 390 929 Iuba
416 867 518 930 missa
546 867 679 932 Uticam
706 875 837 944 venire;
870 867 1055 950 eodemque
1079 877 1228 950 tempore
1252 876 1302 930 vis

199 991 323 1052 magna
349 972 495 1052 pulveris
522 971 729 1046 cernebatur,
757 981 791 1034 et
817 972 977 1053 temporis
1005 979 1130 1054 punctf)
1157 979 1302 1053 primum

200 1094 319 1156 agmen
344 1085 415 1138 erat
437 1075 471 1137 in
494 1083 685 1157 conspectu.
734 1076 811 1157 Qua
833 1082 870 1138 re
892 1082 978 1138 nova
1002 1076 1104 1140 Curii)
1131 1083 1304 1156 permotus

198 1177 327 1259 equites
346 1185 424 1241 subs
446 1179 637 1260 praemittit,
662 1186 718 1261 qui
742 1188 884 1261 primum
908 1178 1070 1260 impetum
1095 1178 1302 1253 sustineant;

198 1280 280 1362 ipse,
297 1281 448 1345 celeriter
463 1280 507 1345 ab
523 1302 624 1364 opere
640 1282 790 1345 deductis
811 1281 1008 1364 legionibus,
1027 1283 1133 1346 aciem
1157 1281 1302 1345 instruit.

611 1492 795 1558 nasson
831 1510 893 1574 119

426 1652 524 1720 Curio
540 1657 644 1740 gains
665 1679 709 1720 an
731 1657 855 1720 lm‘tr'al
873 1658 1074 1742 Advantage

160 1834 191 1873 ιο
244 1813 382 1878 Interim
403 1813 532 1896 equites
552 1833 627 1878 cum
644 1813 797 1877 hostibus
820 1813 981 1895 proelium
1003 1821 1240 1878 commiserunt
1256 1824 1303 1890 et,

199 1918 391 2000 priusquam
420 1917 567 1999 legidnes
595 1917 695 1998 plane
721 1917 880 1999 explicari
911 1929 1058 1999 possent,
1083 1926 1153 1981 teta
1180 1917 1304 1980 auxilia

200 2022 296 2102 regis,
310 2041 396 2103 quae
412 2021 505 2083 nulls)
514 2021 630 2084 6rdine
641 2031 675 2083 et
687 2020 759 2084 sine
773 2028 862 2083 metu
876 2022 939 2084 iter
948 2020 1127 2096 faciebant,
1139 2020 1172 2082 in
1183 2021 1304 2102 fugam

200 2125 350 2187 coniecta
366 2134 452 2186 sunt.
490 2124 626 2206 Equites
640 2123 784 2187 hostium
800 2144 859 2205 per
872 2125 948 2186 litus
959 2123 993 2186 in
1005 2124 1166 2205 oppidum
1185 2144 1305 2206 prope·

200 2234 365 2302 faverunt,
383 2227 529 2308 peditum
548 2238 659 2290 autem
673 2248 815 2309 magnus
832 2247 990 2290 numerus
1006 2227 1203 2291 interfectus
1219 2237 1281 2290 est.

161 2357 189 2411 ¹5
245 2330 397 2393 Proxima
420 2339 517 2393 nocte
536 2330 746 2393 centuriones
770 2331 836 2394 duo
857 2351 897 2394 ex
916 2338 1033 2393 castris
1055 2331 1209 2395 Curidnis
1225 2351 1302 2394 cum

201 2433 461 2516 manipularibus
474 2443 543 2496 suis
555 2433 686 2497 duribus
702 2444 735 2496 et
751 2435 870 2515 viginti
886 2433 929 2495 ad
946 2434 1077 2497 Attium
1091 2436 1217 2498 Verum
1231 2454 1305 2516 per-

200 2537 352 2619 fugiunt;
377 2536 431 2600 cui
446 2539 647 2601 confirmant
660 2545 761 2601 tritius
771 2537 935 2600 exercitus
948 2538 1077 2600 animos
1089 2537 1216 2600 alienos
1228 2557 1304 2601 esse

246 2690 270 2723 1.
295 2674 330 2725 ad
354 2675 520 2738 Bagradam:
552 2672 586 2727 cs.
614 2689 640 2742 p.
667 2684 725 2739 145,
775 2688 794 2723 a
811 2676 930 2724 morunt
941 2671 1092 2741 (punctum,
1104 2675 1132 2734 -i,
1146 2687 1183 2738 u,
1192 2672 1301 2740 point).

200 2752 218 2805 l.
234 2767 271 2805 10.
305 2753 724 2818 lnconnectionwithincaatra,
774 2754 934 2817 —primum
945 2765 1059 2817 agmon:
1079 2752 1249 2820 vanguard,·
1262 2751 1303 2805 lit

200 2833 331 2886 translate
351 2837 406 2886 “at
424 2834 472 2888 the
494 2834 658 2904 Bagrada”;
687 2832 721 2886 cs.
775 2831 865 2884 what?

200 2916 235 2966 ad
252 2916 284 2964 T.
302 2915 475 2967 Labienum.
498 2952 505 2966 .
527 2953 534 2966 .
553 2915 583 2965 in
604 2916 724 2978 hiberna,
819 2929 844 2975 9.
871 2926 963 2978 opera:
994 2912 1052 2980 (the
1068 2912 1147 2966 work
1171 2912 1224 2984 of)
1241 2927 1305 2964 con·

200 3010 227 3064 p.
240 3009 297 3062 133,
309 2995 326 3048 l.
340 3010 365 3064 3.
774 2995 909 3062 structahn
925 2992 974 3063 (cs.
989 2992 1006 3046 l.
1020 2992 1063 3062 3).

245 3092 270 3138 3.
297 3090 389 3142 opera:
409 3077 453 3128 ale.
470 3077 662 3129 construction.
822 3093 861 3126 11.
887 3075 1022 3139 legibnea:
1043 3091 1083 3128 sc.
1098 3074 1229 3127 curionis.

245 3174 270 3220 4.
296 3158 429 3209 statibus:
465 3158 558 3220 statii,
582 3159 662 3222 -6nis,
687 3170 725 3222 n,
822 3172 861 3206 η.
888 3157 948 3205 aino
966 3156 1056 3206 matri:
1079 3153 1219 3223 evidently
1238 3152 1305 3222 they

201 3238 471 3308 vomat-auxilia:
480 3237 724 3308 aurattiaryforces.
777 3235 831 3289 had
845 3242 893 3288 not
906 3233 991 3288 heard
1003 3233 1036 3288 of
1046 3233 1153 3288 Curio’s
1163 3232 1261 3286 arrival
1275 3232 1304 3285 in

246 3333 271 3382 5.
297 3321 380 3370 Iubi:
415 3317 483 3388 king
519 3317 552 3372 os
586 3317 726 3384 Numidia,
776 3315 878 3369 Africa.

202 3397 318 3469 friendly
342 3406 371 3452 to
397 3400 518 3468 Pompey
542 3397 589 3470 (cf.
616 3416 643 3467 p.
669 3411 726 3465 147,
822 3413 862 3460 ¹3·
888 3397 1032 3465 oppidum:
1052 3396 1097 3448 ale.
1113 3395 1204 3450 Utica.

202 3478 220 3532 l.
245 3494 259 3549 ς
284 3477 497 3548 thy-venire:
522 3481 564 3532 te.
583 3481 727 3547 appropin-
822 3484 863 3530 ιο.
888 3478 998 3530 Attium
1057 3478 1172 3528 Vintur:
1229 3492 1305 3530 com-

203 3562 283 3624 quare
297 3560 486 3612 ard-abdam
504 3596 512 3611 .
533 3597 540 3611 .
563 3598 569 3610 .
590 3560 724 3623 tempora:
778 3558 891 3612 mander
914 3557 946 3612 of
966 3556 1013 3610 the
1038 3555 1190 3626 Pompeian
1214 3555 1307 3610 forces

202 3637 246 3689 rie.
261 3638 351 3689 simul.
777 3647 806 3692 at
824 3638 915 3692 Utica.

246 3723 271 3768 6.
299 3721 468 3771 cernebatur:
492 3716 526 3771 cf.
543 3719 726 3783 cernebantur,
823 3734 862 3782 ¹7·
889 3720 991 3770 alibuta
1012 3757 1018 3770 .
1041 3756 1048 3771 .
1070 3756 1077 3770 .
1097 3721 1130 3770 i:
1150 3715 1303 3786 lreely,dr's·

203 3812 230 3866 p.
245 3811 302 3864 141,
315 3797 333 3850 l.
346 3810 370 3863 7.
379 3797 549 3864 -tamporia
561 3799 675 3864 puncta:
696 3798 728 3849 in
777 3797 893 3866 affected
901 3797 1019 3851 toward.
