2824 4292
412 336 526 394 rmsr
551 334 673 392 manu
699 331 864 390 manaa
1148 348 1184 412 57

82 516 239 592 hostium,
257 526 314 599 qui
336 518 459 579 circum
483 516 579 596 ignes
602 513 788 578 saltebant:
813 519 859 576 sic
883 511 972 576 enim
993 511 1069 574 Indi
1087 517 1124 575 se
1143 511 1186 574 ad

81 624 219 690 caedem
235 621 373 686 incitaire
389 620 550 686 solebant.

500 861 685 929 LESSON
716 880 760 945 49

211 1049 242 1111 T
236 1049 276 1113 lte
298 1050 449 1132 Altempt
470 1058 501 1112 to
523 1047 669 1130 surprise
691 1047 823 1110 Detroit
842 1044 1064 1133 (Continued)

131 1205 234 1268 Mene
264 1204 306 1268 ad
337 1203 510 1267 castellum
541 1222 617 1266 eum
647 1201 823 1265 comitibus
853 1201 983 1266 circiter
1013 1202 1186 1284 sexaginte

84 1309 176 1371 venit
198 1308 344 1382 Pontiae,
362 1307 605 1387 conciliumque
630 1305 819 1394 postulevit.
869 1304 971 1367 Haud
995 1314 1119 1388 magne
1142 1306 1188 1369 in-

59 1411 224 1483 stervelle
240 1410 439 1493 sequebetur
462 1410 588 1491 reliqua
604 1409 782 1472 multitride
799 1409 968 1484 Inderum,
986 1419 1043 1492 qui
1059 1410 1188 1473 simule-

85 1514 167 1578 bant
183 1521 218 1577 se
234 1521 326 1577 extre
343 1515 543 1576 mrinitienes
560 1512 627 1594 pile
643 1513 782 1575 litstires

131 1619 239 1682 Portis
254 1618 382 1681 castelli
397 1617 583 1699 patefactis,
603 1616 748 1692 Pontiae,
766 1627 824 1700 qni
839 1618 920 1680 nihil
945 1617 1186 1699 suspieebetur,

85 1728 243 1785 enricum
261 1720 445 1796 comitibus
463 1729 520 1803 qui
539 1728 654 1783 omnes
671 1741 764 1782 arma
779 1729 985 1784 vestimentis
1002 1729 1090 1784 tecta
1106 1721 1188 1784 fere-

84 1825 177 1902 bant,
194 1825 265 1889 sine
281 1832 373 1888 more
389 1825 523 1887 intrevit
533 1845 540 1901 ;
565 1823 686 1886 deinde
702 1834 813 1887 autem
829 1803 1046 1887 vehementer
1061 1833 1188 1906 perine

40 1940 140 1993 totus
167 1929 288 1993 milites
318 1937 435 1992 omnes
457 1937 492 1992 et
521 1928 710 2010 compltires
735 1930 958 2009 negetieteres
989 1948 1064 1990 cum
1088 1936 1187 1992 armis

85 2033 300 2097 circumstare
337 2031 580 2096 animadvertit.
637 2033 816 2114 Postquam
843 2039 922 2094 vero
952 2032 993 2094 ad
1025 2032 1187 2114 principia

85 2137 248 2201 deductus
264 2145 315 2200 est
328 2157 366 2200 ac
378 2137 460 2200 vidit
472 2136 555 2199 dues
571 2142 680 2198 tresve
693 2145 822 2198 tantum
836 2135 954 2198 adesse
966 2136 1185 2211 centurienes,

86 2240 244 2305 audacter
259 2260 336 2304 cum
353 2241 465 2321 legete
481 2240 571 2321 loqui
587 2241 707 2321 coepit.

131 2343 326 2427 Priusquam
365 2344 407 2406 ad
438 2343 611 2408 castellum
643 2354 840 2425 perventum
870 2353 930 2420 est,
962 2342 1100 2407 comites
1131 2351 1187 2406 rex

41 2465 75 2519 15
87 2452 263 2512 monuerat
278 2455 323 2523 se,
337 2467 413 2510 cum
429 2467 536 2529 pauca
553 2447 645 2528 prius
661 2447 703 2509 de
719 2454 802 2528 price
818 2446 948 2510 loetitus
961 2456 1059 2522 esset,
1069 2431 1187 2528 legite

86 2560 202 2615 zenam
226 2551 399 2628 datrirum;
424 2558 490 2633 quo
514 2558 610 2631 signe
640 2550 801 2632 impetum
833 2551 943 2613 statim
974 2552 1009 2613 in
1041 2551 1185 2631 legetum

86 2657 364 2737 centurionesque
386 2654 578 2718 faciendum
602 2673 685 2730 esse,
710 2675 786 2716 cum
816 2655 947 2717 interim
980 2654 1057 2716 Indi
1075 2661 1185 2730 ceteri,

86 2767 144 2841 qui
158 2765 250 2822 extre
274 2758 473 2821 munitiones
497 2758 603 2821 relicti
618 2766 723 2833 erant,
740 2778 802 2840 per
824 2765 937 2840 portes
958 2759 1188 2840 inrumperent

86 2861 355 2946 praesidiumque
370 2861 585 2925 adorirentur.

130 3063 155 3096 a.
181 3045 305 3098 caedem:
335 3044 395 3116 (the
415 3044 537 3097 business
557 3044 608 3112 of)
706 3063 744 3096 ιι.
769 3046 957 3098 circumstere:
995 3056 1035 3097 ae.
1063 3042 1093 3096 in
1119 3043 1186 3099 such

86 3125 259 3194 murdering.
662 3141 752 3194 away
767 3141 799 3179 as
817 3132 846 3178 to
865 3124 981 3179 eneircle
998 3123 1113 3178 Pontiae
1131 3124 1188 3176 and

133 3223 159 3270 4.
185 3205 343 3258 intervallo:
358 3204 489 3258 translate
500 3203 546 3257 the
556 3202 609 3256 abl.
663 3205 706 3258 his
736 3203 1082 3271 fullonem-principia:
1114 3207 1187 3268 prin-

87 3288 139 3339 “at
147 3287 162 3312 ''
176 3285 304 3357 (strictly,
317 3285 370 3338 abl.
384 3283 415 3338 of
431 3284 571 3352 manner).
662 3286 743 3350 cipis,
755 3287 850 3349 -erum,
863 3299 903 3350 ru,
915 3285 1125 3354 leeadquartcrs.

134 3383 158 3428 6.
184 3377 252 3442 pili:
266 3377 324 3446 (at)
332 3374 401 3438 ball,·
418 3373 471 3428 abl.
479 3373 511 3428 os
516 3390 610 3427 means
709 3380 748 3430 15·
775 3380 876 3432 pauca:
905 3373 969 3418 note
994 3365 1042 3418 the
1066 3363 1186 3434 gender3

90 3456 462 3528 (pila,-ae,n.).-lusuro=:
486 3471 526 3508 sc.
539 3468 608 3506 esse.
662 3445 697 3500 cs.
717 3449 812 3509 multa,
830 3464 858 3516 p.
880 3460 905 3516 5,
923 3446 939 3497 l.
959 3461 985 3515 9.

134 3544 160 3590 8.
186 3540 233 3603 qui
247 3541 355 3589 ornnes:
376 3534 461 3605 allos
469 3534 611 3587 whom-
707 3534 745 3580 16.
771 3532 881 3580 atinam:
903 3530 977 3594 rena,
997 3541 1049 3590 -ae,
1070 3539 1108 3588 m,
1127 3523 1185 3577 belt.

87 3620 275 3672 vestimentis:
300 3615 356 3670 abl.
378 3614 411 3668 of
428 3630 538 3680 means,
562 3613 611 3668 but
661 3613 844 3664 -datrirumz
876 3609 972 3663 would
996 3610 1122 3678 offen-
1135 3610 1186 3672 quo

88 3698 216 3753 translate
235 3696 370 3751 “under''
662 3696 754 3758 signo:
774 3691 829 3744 abl.
850 3689 882 3744 of
897 3692 962 3743 time
980 3687 1076 3754 when3
1098 3694 1186 3740 trans·

117 3796 156 3832 ιο.
182 3793 243 3832 eum
271 3780 371 3831 ermis:
417 3777 459 3828 tle.
500 3774 607 3846 (fully)
661 3773 716 3826 late
734 3773 813 3824 “at''

87 3861 193 3916 amaad.
707 3868 747 3916 17.
772 3853 870 3904 ceteri:
889 3851 931 3903 ia.
946 3849 1051 3914 reliqui.
