2920 4296
209 296 269 375 138
530 297 645 354 rmsr
669 296 792 355 surm
817 296 983 355 sennan

207 476 345 552 mintiet,
370 485 407 540 ut
433 467 599 559 legienem
625 478 660 540 in
688 477 868 542 Atrebates
895 477 1050 553 addficat,
1079 485 1218 560 querum
1248 497 1313 559 per

205 580 293 643 fines
316 579 379 644 sibi
403 581 464 644 iter
487 581 677 645 faciendum
701 581 835 644 sciebat.
889 582 1011 646 Scribit
1035 581 1185 644 Labiene
1208 592 1254 656 ut,
1282 591 1312 643 si

206 691 254 746 rei
276 683 430 766 priblicae
453 686 628 748 commode
658 685 729 748 fieri
758 685 870 767 possit,
895 706 969 749 cum
995 685 1127 767 legiene
1152 686 1311 748 adfines

208 788 405 851 Nervierum
444 790 565 852 veniat.
628 789 802 872 Reliquam
842 799 972 872 partem
1010 791 1183 865 exercitiis
1220 809 1311 872 quae

181 891 307 973 §paule
322 891 437 954 aberat
453 893 595 973 longius
606 901 673 955 nen
686 893 864 955 arbitretur
876 894 1152 974 exspectandam3
1174 892 1310 975 equites

205 994 335 1057 circiter
351 995 468 1060 CCCC
484 1014 524 1057 ex
539 996 697 1077 proximis
714 995 859 1059 hibernis
875 998 973 1078 cegit

619 1243 803 1309 LESSON
839 1260 898 1306 112

492 1427 615 1493 Cacsar
632 1428 735 1491 heads
756 1449 777 1489 a
801 1427 921 1510 Relz'qf
936 1428 1034 1491 Force

251 1591 344 1654 Here
371 1593 443 1654 fere
467 1591 565 1654 tertie
589 1590 632 1653 ab
658 1589 928 1653 antecurseribus
953 1589 995 1652 de
1020 1592 1133 1655 Crassi
1158 1591 1308 1654 adventii

207 1696 331 1760 Caesar
354 1694 473 1758 certior
495 1704 547 1758 est
569 1695 689 1757 factus.
743 1695 794 1756 Εό
817 1693 871 1755 die
894 1694 984 1756 milia
1006 1714 1165 1775 passuum
1189 1695 1311 1775 viginti

207 1806 404 1881 pregressus
420 1806 480 1862 est.
516 1798 674 1862 Crassum
701 1797 955 1861 Samarobrivae
981 1797 1181 1878 praeposuit,
1208 1796 1310 1878 legie

167 1923 197 1960 10
207 1923 350 1986 nemque
367 1910 397 1964 ei
412 1900 555 1975 tradidit,
573 1901 663 1982 quod
679 1900 725 1963 ibi
741 1901 948 1982 relinquebat
964 1900 1203 1981 impedimenta
1218 1920 1311 1964 exer·

206 2009 300 2081 citus,
325 2007 457 2069 obsides
488 2006 667 2079 civitetum,
693 2005 818 2067 litteres
850 2004 1009 2086 publicas,
1033 2005 1310 2087 frumentumque

206 2132 314 2186 omne,
341 2111 430 2194 quod
456 2117 497 2172 ee
523 2108 717 2172 tolerandae
748 2108 867 2172 hiemis
898 2115 999 2174 cause
1029 2116 1307 2190 comporteverat.

208 2216 311 2278 Paule
342 2225 417 2297 post
444 2213 576 2288 Fabius,
608 2222 645 2276 ut
674 2214 873 2294 impertitum
901 2222 981 2287 erat,
1013 2212 1047 2273 in
1083 2211 1199 2275 itinere
1230 2233 1309 2275 cum

207 2319 338 2401 legione
368 2319 519 2381 occurrit.
582 2317 630 2379 At
662 2317 838 2390 Labienus,
867 2326 974 2378 morte
1005 2315 1121 2380 Sabini
1149 2326 1184 2378 et
1210 2316 1307 2379 clede

168 2447 176 2483 r
181 2445 195 2498 5
207 2423 391 2486 cohortium
413 2423 555 2503 segniti,
573 2440 648 2483 cum
665 2428 782 2483 omnes
798 2420 839 2482 ad
856 2439 932 2483 eum
948 2419 1168 2482 Treverorum
1190 2421 1309 2500 cepiae

206 2527 384 2601 venissent,
408 2525 533 2588 veritus
557 2532 608 2600 ne,
634 2531 660 2586 si
684 2544 723 2587 ex
755 2524 901 2587 hibernis
929 2523 1031 2604 fugae
1061 2523 1201 2586 similem
1233 2544 1309 2605 pro·

252 2708 275 2743 1.
300 2692 448 2756 legionem:
489 2706 528 2744 sc.
563 2691 731 2741 suam-in
845 2706 870 2756 9.
896 2688 1065 2755 praeposuit:
1087 2686 1154 2740 with
1173 2686 1237 2754 dat,
1257 2688 1308 2758 left

205 2773 364 2824 Atrebates:
393 2773 435 2823 ia.
460 2772 490 2823 F.
510 2786 564 2822 was
586 2778 615 2823 to
637 2769 729 2822 march
781 2770 811 2820 in
821 2769 918 2838 charge
930 2768 1003 2840 (os).

206 2852 287 2906 south
301 2860 331 2905 to
342 2851 401 2920 join
420 2853 528 2915 Caesar,
545 2865 576 2902 as
588 2848 635 2901 the
650 2849 731 2901 latter
827 2867 867 2903 11.
893 2851 1052 2900 civitetum:
1075 2850 1120 2901 i.c.
1147 2847 1194 2901 the
1216 2849 1306 2903 Gallie

206 2931 305 2986 moved
319 2929 461 2984 eastward.
781 2937 881 2994 states3
902 2925 1031 2981 translate
1045 2927 1091 2981 the
1104 2944 1167 2998 gen.
1182 2927 1306 2982 “from''

248 3030 272 3064 2.
299 3015 344 3063 ut:
392 3009 421 3062 in
459 3009 514 3063 this
555 3008 730 3073 connection,
781 3011 944 3060 -litterim
965 3009 1127 3060 documenta.

205 3089 621 3160 scribitimplieslmperatalso3
643 3089 730 3143 hence
827 3106 866 3140 12.
891 3093 936 3140 ee:
957 3088 1005 3141 the
1017 3088 1078 3140 adv.

205 3172 252 3226 the
265 3173 408 3228 :rt-clause.
827 3187 865 3233 1³·
892 3171 1055 3236 imperitum
1075 3171 1148 3221 erat:
1171 3177 1238 3223 note
1256 3169 1305 3224 the

247 3272 270 3318 ³·
295 3259 333 3307 rei
357 3255 480 3320 priblicae
507 3253 658 3305 commode:
689 3250 728 3303 lit.
780 3250 890 3322 gender.

204 3335 271 3388 wt'tlr
283 3334 327 3388 the
338 3334 488 3402 well-bemg
496 3333 532 3403 os
541 3331 585 3384 the
595 3349 729 3384 comumn-
824 3349 862 3394 14.
889 3333 1015 3384 occurrit:
1027 3348 1066 3385 sc.
1075 3335 1099 3382 ei
1109 3332 1164 3401 (zie.
1170 3332 1305 3398 Caesari).

204 3415 322 3480 walth:
342 3414 562 3484 freely,without
578 3415 730 3482 cndanger-
826 3427 865 3476 15.
892 3415 1054 3466 cohortium:
1085 3411 1177 3482 freely,
1204 3417 1231 3465 to
1259 3412 1306 3466 the

205 3498 256 3567 mg
275 3496 320 3549 tac
339 3495 434 3566 public
453 3495 687 3561 sacal—possit:
707 3495 731 3545 it
779 3495 1015 3549 cohorte-cum:
1033 3495 1216 3550 musal-ad
1237 3533 1243 3545 .
1266 3534 1272 3545 .
1295 3534 1302 3547 .

205 3593 319 3645 may.-
330 3578 450 3642 legiene:
471 3592 508 3629 sc.
521 3579 580 3627 sue.
779 3577 935 3629 venissent:
955 3576 1016 3629 had
1030 3574 1162 3629 marchesi
1177 3580 1259 3646 upon.
1269 3607 1305 3615 -

250 3674 274 3720 7.
301 3660 366 3710 here
386 3696 392 3708 .
416 3695 421 3707 .
445 3695 450 3707 .
470 3657 568 3709 tertii:
591 3658 633 3708 tle.
645 3654 729 3709 ofthe
780 3658 969 3710 Trevererum:
981 3674 1027 3711 see
1035 3657 1081 3710 the
1092 3673 1155 3726 map
1163 3673 1201 3710 on
1209 3673 1235 3724 p.
1247 3669 1304 3720 124.

206 3735 259 3805 day
297 3735 727 3806 following-antecursoribus:
825 3743 865 3788 ιο.
891 3736 986 3802 fugae:
1006 3736 1061 3789 dat.
1077 3752 1156 3802 case3
1176 3744 1305 3790 construe

205 3818 366 3883 antecursor,
379 3818 451 3884 eris,
465 3829 509 3883 u„
521 3817 639 3880 courier.
781 3814 845 3868 with
859 3817 986 3869 similem.
