2824 4292
411 359 526 420 mesu
551 357 673 420 nsunt
699 358 865 419 Ranoan
1151 365 1187 442 2'7

80 561 146 622 per
159 541 280 606 multos
293 550 399 606 annos
411 543 587 608 continuos
598 542 634 606 in
647 542 816 625 provincia
827 551 899 607 erat
911 547 985 627 pix,
999 542 1099 607 etiam
1112 562 1188 606 cum

80 647 217 726 legatus
234 646 288 710 ille
304 656 454 710 mortuus
470 657 567 712 esset.

133 750 190 812 De
204 750 359 813 comitate
375 751 475 832 legati
490 751 601 814 multa
610 759 800 830 narrantum
825 761 904 835 quin
916 750 1016 815 etiam
1029 750 1187 814 traditum

82 863 139 919 est
164 854 267 929 illum,
293 875 368 917 cum
392 854 470 918 olim
495 875 555 937 per
578 857 781 938 provinciam
805 855 868 919 iter
889 856 1025 930 iaceret,
1050 873 1187 936 parvam

56 957 233 1042 5puellam
249 959 372 1022 vidisse
388 959 430 1021 ad
445 960 605 1040 templum
623 968 767 1035 euntem,
781 976 923 1040 eamque
935 957 1086 1041 inipsius
1101 964 1190 1037 equo

84 1063 231 1146 positam
248 1063 291 1125 ad
305 1064 466 1145 templum
483 1062 529 1126 ita
544 1063 729 1126 deduxisse.

511 1323 695 1390 LESSON
726 1340 769 1404 24

360 1507 547 1572 Nathaniel
564 1507 674 1572 Bacon
697 1507 733 1572 in
766 1507 919 1592 Virginia

137 1663 227 1728 Dum
243 1664 277 1727 in
295 1662 467 1728 Britannia
484 1664 581 1726 Nova
599 1662 722 1726 bellum
745 1663 830 1745 gerit
854 1663 1039 1746 Philippus,
1062 1662 1097 1726 in
1120 1662 1192 1728 Vir-

91 1768 182 1851 ginia
198 1788 330 1850 quoque
348 1769 425 1830 Indi
438 1767 583 1849 impetus
599 1787 701 1848 saepe
716 1767 751 1830 in
767 1768 903 1830 colonos
918 1766 1098 1842 faciebant,
1112 1766 1193 1829 mul-

91 1880 209 1954 tosque
237 1871 408 1953 agricolis,
437 1880 494 1954 qui
520 1870 637 1952 procul
659 1872 702 1934 ab
725 1870 858 1953 oppidis
885 1869 1090 1946 habitabant,
1115 1889 1190 1932 cum

52 1975 236 2040 tocruciatu
256 1976 455 2038 occiderunt.
503 1975 581 2057 Quo
604 1975 750 2056 periculo
773 1981 939 2048 commoti,
956 1974 1066 2037 coloni
1088 1974 1193 2036 multa

92 2079 179 2142 milia
196 2099 355 2161 passuum
377 2078 511 2142 nuntios
535 2079 577 2141 ad
600 2088 702 2160 caput
726 2077 917 2159 provinciae
941 2085 1111 2152 miserunt,
1136 2085 1193 2159 qui

93 2185 237 2265 legatum
252 2187 394 2258 orarent,
413 2192 448 2245 ut
465 2183 610 2246 mitteret
630 2183 759 2258 milites,
778 2191 836 2264 qut
859 2183 963 2246 hostis
986 2187 1187 2246 coercerent.

95 2287 222 2370 Legati>
237 2297 348 2351 autem
364 2287 456 2350 nullo
472 2287 571 2350 modo
587 2287 781 2368 persuaderi
796 2288 904 2368 potuit
923 2296 959 2350 ut
980 2285 1116 2349 colonos
1140 2284 1194 2346 ad·
1224 2296 1226 2301 '

92 2392 227 2468 iuvaret,
252 2393 341 2474 quod
365 2411 440 2455 cum
466 2392 558 2454 Indis
579 2391 653 2472 ipse
676 2391 909 2472 negotiabatur
931 2410 994 2453 nec
1017 2398 1193 2472 quaestum
1303 2419 1304 2426 κ

53 2521 82 2574 15
93 2495 256 2560 dimittere
268 2495 415 2571 volebam
433 2505 512 2578 quin
525 2496 624 2558 etiam
641 2495 770 2558 iuvenis
782 2494 928 2577 quidam,
938 2493 1076 2558 'nomine
1094 2494 1193 2567 Βέεό,

95 2609 150 2686 qui
171 2609 191 2664 a
215 2600 387 2665 Britannia
409 2600 517 2664 tribus
541 2610 619 2664 ante
642 2610 739 2663 annis
761 2601 795 2662 in
820 2599 1021 2682 provinciam
1047 2605 1193 2674 venerat,

95 2727 167 2769 cum
185 2705 321 2768 dixisset
335 2713 372 2768 se
387 2705 472 2768 velle
488 2706 522 2766 in
540 2705 701 2767 indorum
718 2704 796 2766 finis
816 2703 938 2767 ducere
957 2701 1093 2766 colonos
1116 2722 1194 2784 pau-

96 2818 158 2886 cos,
176 2816 233 2892 qui
247 2810 312 2872 iam
329 2810 395 2891 ipsi
414 2828 507 2871 arma
527 2815 695 2890 ceperant,
720 2813 740 2869 a
762 2807 874 2887 legito
897 2806 986 2869 domi
1008 2811 1062 2870 est
1084 2806 1194 2868 iussus

96 2921 235 2976 manere.

56 3046 87 3082 20
138 3015 272 3081 Iuvenis
287 3027 409 3093 autem,
427 3019 498 3081 sine
514 3023 606 3080 mora
622 3016 664 3079 ad
680 3025 790 3079 castra
805 3015 998 3080 colonorum
1015 3013 1101 3077 clam
1122 3033 1195 3095 pro-

102 3171 103 3174 ’
154 3186 177 3220 ι.
215 3182 278 3234 per:
316 3167 406 3239 freely,
429 3169 493 3241 sor.
507 3181 617 3220 -con-
713 3184 753 3231 13·
779 3167 934 3232 persuaderi
942 3166 1046 3231 potuit:
1060 3163 1100 3217 lit.
1108 3163 1190 3216 could

95 3251 197 3303 tinuos:
235 3250 387 3317 continuus,
406 3265 441 3313 -a,
464 3264 530 3316 -um,
554 3264 616 3301 con·
666 3249 689 3300 it
706 3247 735 3300 be
753 3247 833 3300 made
850 3246 1005 3315 agreeable5
1030 3243 1065 3298 cf.
1086 3248 1196 3310 persul-

95 3332 216 3384 secutam.
229 3345 344 3383 -cum:
364 3332 450 3401 aster.
666 3329 736 3394 dete,
749 3344 776 3396 p.
791 3342 833 3395 23,
846 3326 865 3379 1.
880 3342 906 3395 9.

153 3427 178 3474 3.
204 3413 307 3464 multa:
328 3410 616 3480 cs.p.5,l.9.—tri-
713 3423 753 3471 15·
776 3409 909 3460 volebat:
945 3405 980 3460 cf.
1007 3407 1087 3475 velle,
1112 3423 1140 3476 p.
1170 3419 1195 3470 2,

97 3493 250 3545 ditumeat:
270 3491 304 3546 cs.
320 3509 347 3561 p.
366 3506 405 3558 11,
418 3491 437 3543 l.
451 3505 478 3556 4.
667 3487 686 3541 l.
704 3502 744 3557 ις.

154 3588 178 3636 5.
205 3575 328 3625 euntem:
361 3570 430 3625 from
449 3575 615 3623 e6.-eam:
714 3585 755 3633 ¹⁷·
779 3583 857 3621 eum:
871 3566 1002 3621 translate
1010 3566 1090 3621 much
1101 3565 1197 3620 earlier

98 3652 152 3708 lter.
161 3653 307 3719 -ipslus2
327 3651 371 3705 his
386 3668 458 3705 ouon.
669 3648 698 3702 in
710 3649 758 3702 the
772 3647 890 3718 English
903 3655 1043 3702 sentence.

154 3740 180 3788 ⁶.
205 3729 619 3802 positam2part.(frompont),
716 3736 755 3783 18.
781 3731 851 3795 ipsi:
883 3745 918 3782 on
948 3726 1021 3781 their
1047 3743 1109 3780 own
1139 3743 1195 3780 mo·

97 3813 296 3884 agreeingwith
310 3828 380 3866 eam.
667 3811 735 3876 tae‘on,
772 3812 817 3862 i.e.
854 3807 969 3862 without
1004 3805 1116 3877 waiting
1153 3805 1196 3859 for

140 3913 178 3947 ιι.
204 3898 300 3961 caput:
321 3894 432 3965 capital.
667 3891 715 3944 the
726 3905 862 3961 governor
875 3896 903 3940 to
915 3895 969 3942 aet.
