2920 4296
476 269 589 328 nnsn
614 269 736 327 mim
763 271 926 327 kunnun
1212 289 1251 354 93

149 451 300 536 perlegit,
317 471 461 535 cumque
483 457 541 515 ees
563 449 803 533 discerpsisset,
820 451 1012 533 fregmenta
1027 454 1163 517 chartae
1185 454 1252 517 edit

150 555 290 638 singula.
338 555 435 638 Quae
458 561 511 618 res
526 564 558 618 ei
573 554 672 619 saluti
694 555 774 618 fuit:
798 555 903 618 altera
919 554 1007 618 enim
1030 557 1157 633 mulier,
1175 577 1251 620 cum

142 652 319 742 'postremo
348 659 503 737 venisset,
535 659 619 723 nihil
649 661 774 724 scilicet
804 661 952 725 invenire
982 654 1109 744 potuit;
1149 669 1252 744 quere

150 765 278 842 milites,
295 764 394 829 venie
409 765 630 830 contumeliae
646 773 759 848 petite,
778 768 928 828 nentiam
943 765 1143 829 incolumem
1161 766 1251 828 abire

125 871 240 950 spassi
254 878 342 932 sunt.
390 869 454 932 llla
476 879 588 933 autem
607 877 737 932 summe
754 868 922 932 celeritete
938 869 980 932 ad
997 879 1106 932 castra
1121 869 1251 932 Ameri-

148 979 232 1034 cena
255 972 436 1047 contendit,
459 972 761 1054 impereteremque
784 972 958 1035 certierem
980 972 1062 1034 iecit
1088 972 1130 1033 de
1152 972 1252 1034 rebus

147 1073 312 1150 omnibus,
329 1060 466 1157 quaein
482 1075 603 1158 litteris¹
616 1084 759 1156 scriptae
775 1084 878 1138 erant.

579 1401 763 1466 Lnssou
796 1405 836 1482 78

457 1587 598 1650 Fortune
609 1587 732 1668 savors
754 1586 807 1648 tlte
829 1587 939 1651 Brave

193 1749 235 1814 In
258 1750 404 1814 exercitii
429 1748 633 1811 Americene
656 1745 734 1810 elim
758 1758 829 1811 erat
852 1753 1002 1812 centurie
1026 1753 1170 1834 quidam,
1195 1759 1251 1834 ne

119 1843 122 1849 ¹
147 1856 236 1917 mine
255 1855 381 1936 Iasper,
398 1862 456 1935 qui
471 1871 604 1932 semper
624 1853 658 1912 in
680 1853 835 1932 periculis
856 1854 1005 1915 maximis
1023 1852 1163 1916 libenter
1179 1876 1250 1916 ver-

107 1980 138 2016 ιο
148 1956 292 2020 sebetur.
339 1956 441 2030 Sicut,
474 1975 550 2018 cum
575 1955 727 2017 Britanni
753 1965 861 2017 castra
884 1956 1047 2040 quaedam
1079 1965 1251 2038 oppugne-

148 2071 231 2136 rent,
253 2061 476 2142 vexillumque
500 2059 740 2122 Americenum
764 2059 837 2122 telis
865 2058 1040 2140 abreptum
1065 2061 1099 2122 in
1127 2071 1248 2123 terram

148 2172 240 2229 extre
268 2164 467 2228 mimitiones
490 2162 674 2237 cecidisset,
703 2163 791 2225 inter
814 2162 889 2238 tela,
914 2183 999 2246 quae
1023 2164 1166 2245 pliirima
1195 2166 1250 2228 ho·

148 2276 215 2332 stes
231 2268 448 2343 coniciebant,
466 2274 613 2330 ecastris
632 2266 742 2348 erepit
758 2266 823 2341 ille,
841 2265 1062 2349 vexillumque
1078 2279 1248 2350 arreptum

147 2373 181 2436 in
197 2372 284 2437 velle
298 2393 413 2436 rursus
429 2372 548 2455 posuit.

107 2466 136 2546 ι’5
190 2478 244 2541 Ac
269 2477 369 2560 paule
395 2486 480 2559 post,
502 2496 579 2539 cum
604 2476 816 2559 cegnevisset
839 2478 1060 2542 Americenes
1084 2487 1208 2561 paucos
1229 2487 1249 2543 ῑι

149 2581 317 2645 Britannis
340 2581 458 2663 capitis
481 2582 657 2645 damnatos
678 2583 869 2647 Savannam
891 2583 934 2645 ad
957 2594 1098 2646 mortem
1119 2585 1248 2660 dedeci,

148 2694 214 2749 ime
224 2705 298 2749 cum
312 2686 432 2749 comite
444 2687 625 2768 profectus,
637 2686 679 2749 ad
691 2687 821 2748 fontem
833 2670 923 2749 haud
936 2688 1051 2769 procul
1063 2687 1105 2749 ab
1116 2695 1157 2751 ee
1168 2689 1250 2752 urbe

147 2789 180 2853 in
204 2789 332 2853 insidiis
354 2788 488 2866 latebat,
505 2798 543 2852 ut
564 2789 691 2852 civibus
716 2797 794 2864 suis,
813 2799 841 2852 si
863 2799 986 2871 posset,
1003 2791 1125 2852 auxilio
1149 2802 1247 2855 esset.

148 2893 229 2957 Mox
249 2893 282 2955 in
304 2901 522 2976 censpectum
545 2901 709 2955 venerunt
731 2903 863 2975 captivi,
880 2902 963 2976 quos
987 2893 1109 2956 milites
1131 2895 1248 2958 decem

192 3103 213 3138 1.
239 3085 442 3151 discerpsisset:
480 3087 608 3152 discerpe,
645 3100 670 3153 3,
783 3104 808 3150 9.
832 3088 949 3139 libenter
960 3090 1135 3141 versabitur:
1156 3086 1249 3158 freely,

145 3169 251 3232 -cerpsi,
295 3168 422 3233 -cerptus,
459 3170 524 3218 tear
568 3168 615 3234 up.
635 3196 671 3206 —
722 3166 940 3235 delrglrtedtobe.

145 3245 315 3310 fragmenta:
354 3244 545 3310 trigmentum,
574 3249 603 3312 -i,
633 3260 670 3312 u,
768 3265 807 3298 rr.
834 3249 965 3299 vexillum
989 3251 1033 3317 (-i,
1046 3248 1109 3318 η).
1121 3250 1192 3318 flag,
1210 3248 1245 3304 cf.

144 3318 382 3380 tit—chartas:
420 3327 522 3393 charte,
552 3339 605 3393 -ιο,
635 3340 670 3394 r,
722 3328 770 3381 the
782 3327 891 3380 Roman
903 3327 971 3397 dags
984 3328 1082 3382 shown
1095 3346 1132 3382 on
1144 3346 1170 3398 p.
1187 3329 1246 3381 162.

139 3409 241 3477 paper.
768 3425 808 3460 12.
834 3409 964 3474 plerima:
985 3407 1079 3478 sreely,
1097 3409 1171 3460 llrick
1188 3410 1251 3463 and

189 3503 214 3540 s.
239 3486 309 3541 tult:
324 3487 522 3559 provedtobe.
713 3490 788 3561 fast.

188 3587 212 3632 4.
237 3570 431 3622 contumeliae:
463 3568 594 3623 translate
621 3570 669 3624 the
776 3577 812 3622 16.
839 3569 953 3635 ospitis:
973 3570 1004 3619 cf.
1016 3585 1042 3634 p.
1055 3584 1096 3632 47,
1107 3569 1124 3619 1.
1140 3570 1177 3628 16,
1195 3572 1246 3620 and

144 3656 208 3720 gen.
230 3647 320 3701 “for'’
344 3648 394 3720 (cf.
417 3651 552 3716 audietne,
574 3667 602 3718 p.
626 3667 668 3718 39,
720 3651 768 3704 the
781 3651 1080 3704 note-Savannsm:
1124 3665 1171 3702 see
1200 3650 1248 3703 the

144 3728 162 3784 l.
178 3727 222 3797 2).
722 3740 786 3784 note
798 3747 833 3783 on
843 3748 871 3799 p.
883 3743 924 3797 79,
937 3728 957 3780 l.
969 3729 1097 3780 21-.-sd
1116 3733 1245 3786 mortem:

187 3815 211 3861 ⁶.
236 3811 391 3864 contendit:
405 3810 519 3881 pushed
527 3826 572 3864 on.
720 3811 764 3862 tle.
778 3815 806 3861 to
817 3811 960 3862 execution.
