2920 4296
458 355 571 414 ussi
595 355 718 414 1111111
744 353 908 414 minen
1191 373 1233 438 99

133 556 256 618 magna
267 545 317 600 vis
330 537 491 600 frumenti
502 536 544 599 ab
557 547 605 600 eis
617 538 749 618 integra
760 537 794 599 in
810 546 900 619 agris
915 538 1031 601 relicta
1045 546 1106 601 est.
1154 537 1232 620 Qua

134 641 277 723 dignita,
294 642 475 722 imperator
490 642 692 717 colanarum,
706 650 833 704 tantam
845 641 1007 704 framenti
1017 643 1147 722 capiam
1164 650 1230 706 nan

133 752 259 808 temera
273 745 505 809 dimittendam
516 755 617 821 ratus,
630 744 673 808 ab
690 745 814 826 oppida
829 744 974 808 finitima
990 745 1138 826 legatum
1154 766 1230 809 cum

133 849 291 913 militibus
304 849 469 931 proficisci
481 849 584 924 iussit,
597 859 632 912 ut
642 849 758 930 frages
769 849 810 911 ad
820 848 899 912 belli
911 849 1023 913 sadem
1036 857 1230 931 reportaret.

108 954 196 1025 sllle
216 953 317 1034 igitur
336 955 485 1017 iumenta
506 960 684 1035 carrasque
701 953 813 1016 statim
829 955 939 1034 coagit
955 954 1084 1029 multas,
1103 974 1141 1017 ac
1158 961 1233 1017 can-

132 1057 244 1121 tastim
260 1059 295 1121 in
314 1066 413 1138 agras
431 1057 504 1120 illas
524 1058 716 1133 contendit;
745 1057 801 1121 ubi
824 1057 917 1120 milla
939 1057 1143 1139 impediente
1165 1059 1232 1121 fra-

132 1173 281 1226 mentum
298 1183 397 1226 omne
413 1161 448 1224 in
464 1169 576 1225 carras
592 1163 663 1224 sine
680 1169 772 1225 mora
788 1160 978 1243 impositum
995 1171 1055 1224 est.

177 1268 356 1350 Postquam
378 1276 490 1331 tamen
515 1265 629 1348 capias
652 1266 812 1329 reducere
835 1265 955 1346 coepit,
979 1266 1108 1347 legatus
1132 1267 1231 1329 silvas

132 1370 256 1434 veritus
274 1367 351 1453 (per
369 1377 451 1452 quas
470 1371 534 1433 tria
555 1371 645 1432 milia
667 1390 827 1450 passuum
850 1370 912 1432 iter
932 1369 1123 1433 faciendum
1146 1370 1233 1452 erat)

91 1498 123 1534 ιο
133 1476 252 1538 militas
277 1482 384 1557 primi)
406 1484 506 1537 armis
529 1474 693 1556 expeditis
717 1474 875 1554 pragredi
897 1473 1000 1537 iussit.
1053 1475 1137 1539 Cum
1153 1482 1232 1538 vera

132 1598 253 1660 agmen
271 1585 289 1640 ἐ
308 1578 391 1641 silva
410 1579 576 1642 incolume
596 1579 765 1653 evasisset,
783 1579 894 1640 omnia
910 1577 1056 1659 pericula
1072 1586 1150 1640 suas
1166 1578 1231 1640 iam

131 1682 293 1763 effugisse
327 1682 512 1759 arbitratus,
544 1681 598 1745 via
634 1683 744 1744 minus
780 1681 956 1763 diligenter
979 1678 1165 1763 explanata,
1197 1682 1231 1744 in
1269 1739 1271 1743 .

131 1786 267 1850 insidias
305 1786 415 1850 subita
452 1785 575 1862 incidit,
608 1793 691 1869 quas
723 1787 835 1849 hostes
865 1787 1016 1849 lacerant
1045 1785 1078 1848 in
1111 1786 1231 1867 palade

132 1891 284 1972 quadam,
303 1911 362 1972 per
378 1911 478 1973 quam
495 1897 584 1953 rivus
607 1911 730 1973 parvus
749 1890 882 1953 fluebat.
930 1889 1040 1972 Quem
1060 1890 1102 1952 ad
1122 1890 1231 1952 locum

91 1994 188 2076 15ubi
211 2005 411 2077 perventum
438 2005 498 2070 est,
523 2003 662 2076 repente
685 1996 817 2057 auditus
841 2003 892 2057 est
916 1995 1061 2075 undique
1085 1993 1230 2056 ululatus

133 2098 302 2175 Indarum,
330 2099 463 2180 talaque
495 2098 638 2179 plurima
668 2099 806 2161 inmissa
837 2109 923 2161 sunt.
971 2097 1047 2180 Qua
1079 2104 1115 2159 ra
1146 2104 1231 2160 nova

131 2210 273 2285 permati
290 2203 409 2265 militas
425 2203 519 2265 nulla
535 2203 634 2264 moda
655 2203 809 2266 resistere
828 2209 1018 2282 potuerunt,
1037 2201 1230 2282 praesertim

130 2327 205 2370 cum
219 2314 359 2370 numeri)
370 2305 503 2369 barbari
515 2307 619 2368 multi)
632 2316 744 2369 essent
757 2305 953 2386 superiaras.
997 2304 1087 2387 Quin
1100 2305 1198 2367 etiam
1214 2311 1232 2365 a

131 2411 257 2492 proelia
275 2412 386 2474 colant
402 2411 457 2473 vix
478 2420 607 2491 septem
631 2417 749 2472 octave
773 2410 983 2488 effugerunt;
1009 2415 1111 2490 quara
1135 2429 1232 2490 prop-

87 2524 181 2584 20ter
197 2515 326 2577 cladem
342 2514 388 2577 ibi
404 2522 576 2595 acceptam
593 2514 646 2575 hic
663 2513 754 2575 locus
771 2518 890 2593 postea
906 2517 924 2544 “
935 2518 1024 2575 rivus
1040 2521 1199 2574 cruentus
1212 2511 1229 2536 ‘³

130 2618 371 2700 appellabatur.

551 2763 736 2827 nasson
768 2765 807 2841 83

452 2931 508 2993 An
531 2931 683 3013 Intrepid
705 2928 923 2994 Commander

175 3095 303 3157 Eadem
327 3092 416 3156 bello
439 3093 573 3175 quidam
597 3093 707 3156 colani
725 3093 758 3154 in
779 3093 913 3173 scaphis
932 3093 1010 3156 alim
1032 3100 1072 3156 ea
1091 3093 1230 3157 cansilia

130 3199 273 3280 proiecti
297 3208 384 3272 sunt,
408 3207 443 3259 ut
464 3216 539 3260 curn
562 3197 655 3258 Indis
677 3197 828 3259 finitimis
850 3207 907 3259 aut
928 3204 1045 3277 pacem
1068 3197 1228 3272 iacerent,

173 3349 197 3394 3·
224 3331 361 3383 finitima:
382 3332 424 3382 iae.
443 3338 471 3384 to
485 3330 532 3383 the
547 3329 653 3383 burned
750 3347 789 3381 12.
814 3331 970 3393 arbitratus,
998 3338 1068 3382 etc:
1100 3346 1150 3382 use
1180 3328 1228 3382 but

129 3419 212 3465 town.
704 3425 757 3463 one
775 3416 843 3476 part.
857 3409 886 3461 in
899 3409 946 3461 the
960 3406 1075 3477 English
1091 3417 1230 3463 sentence.

172 3511 196 3555 4.
221 3491 329 3556 frigas:
348 3491 417 3557 frix,
425 3491 566 3556 frigiae,
572 3491 655 3560 fruit
749 3505 789 3550 13·
815 3489 927 3540 incidit:
966 3488 1061 3553 incida,
1098 3500 1123 3554 3,
1153 3487 1228 3552 -cidi,

132 3572 177 3642 (ol
193 3572 240 3626 the
259 3571 368 3639 earth);
401 3572 446 3640 pl,
464 3572 653 3639 erup-belli
695 3568 760 3640 foll
769 3570 826 3620 into
839 3567 1008 3638 (in÷cada).

128 3655 234 3706 uadem:
255 3651 474 3720 antichristos
482 3653 649 3720 operatzbns.
750 3666 789 3712 14.
815 3652 905 3701 rivus:
925 3647 1016 3700 brook.

172 3749 196 3796 5.
221 3735 356 3784 iumenta:
383 3733 542 3795 iumentum,
562 3735 592 3797 -i,
610 3744 651 3796 n,
748 3746 788 3792 19·
815 3732 924 3782 octavo:
943 3730 989 3780 ae.
1004 3731 1148 3790 octi÷ve.

127 3814 200 3866 beust
230 3813 266 3883 of
289 3812 576 3864 burdam-multis:
605 3825 651 3863 see
745 3826 787 3860 22.
814 3811 907 3861 eadem
931 3810 1016 3860 belli:
1055 3807 1098 3862 for
1120 3814 1227 3878 syntax,

127 3893 174 3947 the
189 3901 255 3947 note
268 3908 305 3947 on
318 3895 379 3960 rati,
392 3907 420 3961 p.
436 3891 480 3959 82,
492 3890 509 3942 l.
526 3904 566 3958 14.
701 3887 736 3944 ci.
750 3892 837 3956 prima
849 3890 927 3957 belii,
938 3905 966 3958 p.
979 3887 1054 3956 6251.
1072 3902 1113 3959 15·
