2920 4296
553 291 667 352 FIRST
693 291 814 350 LATIN
843 293 1006 351 READER

651 572 835 640 LESSON
869 577 909 655 58

515 759 547 824 A
573 759 672 824 Freslo
698 757 823 844 Supply
845 761 885 843 of
901 759 1046 825 Powdor

271 909 361 986 Olim
379 923 498 1004 puella,
516 943 601 1005 quae
620 923 791 986 Elizabeta
807 923 1046 1005 appellabatur,
1066 928 1252 1009 oppidanis
1274 937 1347 992 suis
1425 916 1426 923 ἵ

228 1025 274 1090 ita
289 1028 386 1089 saliti
403 1027 475 1090 fuit.
524 1027 642 1092 Subito
658 1027 700 1090 ab
719 1027 811 1089 Indis
823 1026 985 1109 oppidum
998 1040 1070 1092 erat
1086 1041 1343 1114 oppugnatum,

229 1131 404 1212 colonique
422 1130 532 1194 statim
554 1138 590 1193 se
608 1137 806 1212 receperant
824 1129 858 1193 in
874 1133 1047 1196 castellum
1070 1156 1225 1218 parvum,
1248 1139 1344 1221 quod

227 1232 358 1298 barbari
374 1234 429 1296 din
442 1241 635 1316 expugnare
647 1235 772 1298 fristra
784 1241 895 1298 conati
907 1246 993 1300 sunt.
1040 1240 1089 1303 At
1105 1242 1255 1306 deficere
1272 1245 1342 1305 iam

203 1347 383 1423 5coeperat
405 1337 514 1419 pulvis
538 1339 593 1402 ille
617 1359 724 1421 paene
748 1341 908 1421 magicus,
927 1349 993 1424 qud
1017 1345 1187 1410 celeritate
1212 1347 1343 1410 exitiali

227 1442 294 1506 tela
310 1441 586 1506 Americandrum
616 1444 823 1526 aliarumque
846 1447 997 1527 gentium
1013 1450 1192 1513 multarum
1210 1451 1341 1533 longis·

228 1550 311 1612 sime
344 1549 505 1614 feruntur.
553 1550 666 1634 Quare
697 1554 807 1618 coldni
841 1556 1058 1618 vehementer
1091 1565 1187 1618 erant
1222 1558 1341 1618 animi)

228 1653 363 1717 demissi
372 1675 379 1731 ;
412 1675 613 1737 quamquam
636 1657 725 1720 enim
750 1659 783 1720 in
808 1659 884 1722 villa
909 1660 998 1722 haud
1029 1660 1212 1742 longinqua
1238 1661 1340 1741 copia

162 1759 167 1767 '
229 1758 373 1841 pulveris
404 1761 484 1824 satis
518 1781 641 1843 magna
679 1763 794 1826 relicta
831 1773 912 1839 erat,
945 1771 1043 1826 nemo
1081 1784 1152 1827 eam
1194 1765 1340 1845 putabat

188 1865 295 1928 xoilld
320 1865 418 1928 modd
441 1866 482 1927 ad
506 1867 678 1929 castellum
708 1874 781 1930 tntn
804 1868 928 1930 adferri
952 1887 1059 1948 posse,
1085 1868 1173 1949 quod
1200 1868 1279 1931 Indi
1303 1870 1338 1930 in

227 1970 355 2033 insidiis
379 1970 525 2053 undique
549 1970 706 2034 latebant.
755 1972 855 2034 Multi
876 1981 990 2034 tamen
1015 1972 1195 2052 periculum
1222 1973 1338 2035 subire

227 2075 393 2151 volebant,
412 2077 470 2139 sed
489 2076 678 2140 Elizabeta:
705 2076 810 2157 “Ego
829 2074 915 2151 ib6‚”
934 2075 1060 2158 inquit;
1087 2075 1226 2157 “puella
1243 2077 1336 2139 enim

228 2202 311 2259 sum,
329 2190 447 2265 meque
463 2191 576 2248 carere
591 2183 723 2246 facilius
741 2181 910 2262 potestis.''
1251 2193 1252 2196 ’

272 2286 419 2351 Consilio
441 2294 461 2350 ai
485 2288 568 2351 duce
596 2287 745 2369 probini,
773 2283 883 2367 puella
911 2305 986 2348 mox
1013 2292 1031 2346 e
1057 2286 1194 2348 castelli)
1222 2286 1335 2366 palam

190 2407 217 2460 15
229 2397 363 2470 egressa
386 2400 446 2466 est,
472 2391 654 2474 leniterque
679 2391 722 2453 ad
742 2390 853 2453 villam
878 2409 994 2452 versus
1018 2388 1208 2452 ambulavit.
1257 2390 1335 2471 Qua

229 2501 264 2555 re
287 2501 373 2557 nova
398 2504 546 2576 permisti,
567 2495 644 2557 lndi
666 2502 774 2576 primi)
798 2501 953 2556 eventum
974 2494 1065 2554 taciti
1084 2493 1333 2573 exspectabant,

229 2608 262 2661 et
280 2599 449 2662 Elizabeta
466 2602 557 2665 nana
573 2602 776 2683 impediente
796 2598 838 2661 ad
855 2598 966 2661 villam
983 2597 1140 2659 facillime
1162 2599 1332 2678 pervenit;

229 2723 305 2765 cum
329 2713 450 2779 autem,
468 2706 604 2786 pulvere
628 2712 770 2786 αιιερῖό,4
788 2704 830 2766 ad
855 2702 1027 2764 castellum
1048 2721 1161 2763 rursus
1183 2700 1334 2764 celeriter

230 2827 362 2871 currere
378 2808 551 2890 coepisset,
566 2821 636 2874 tum
649 2810 791 2882 barbari,
806 2814 863 2889 qui
875 2807 940 2868 iam
959 2813 994 2867 εδ
1011 2806 1121 2867 ἐΙῡεόε
1134 2804 1331 2879 sentiebant,

189 2912 296 2975 zotela
319 2913 463 2995 pliirima
486 2915 632 2997 undique
654 2913 876 2978 coniecerunt.
925 2910 992 2974 Sed
1015 2909 1126 2992 puella
1147 2909 1244 2971 fortis
1263 2909 1332 2972 sine

293 3130 317 3164 2.
344 3114 400 3166 ita:
421 3115 451 3168 in
470 3115 515 3168 tho
524 3117 674 3188 following
682 3135 753 3186 way.
853 3130 890 3164 ιι.
919 3114 1023 3163 subire:
1042 3111 1131 3174 ouban,
1140 3111 1198 3173 -ire,
1208 3107 1248 3173 -ii,
1259 3109 1330 3172 dtus,

232 3196 373 3245 —saliith
405 3194 444 3247 lit.
462 3196 517 3265 for
541 3214 558 3248 a
582 3198 688 3268 sosety3
719 3198 753 3252 cf.
806 3194 874 3260 risk,
893 3192 933 3245 lit.
955 3192 1085 3260 undergo.

233 3276 376 3340 praesidii,
391 3292 418 3343 p.
437 3276 480 3345 65,
493 3277 512 3328 l.
531 3291 556 3341 4,
570 3278 625 3331 and
644 3295 691 3333 see
709 3278 756 3330 the
855 3291 894 3326 ιι.
921 3276 1065 3326 volebant:
1087 3288 1159 3324 wore
1170 3271 1284 3338 willtiog.

232 3355 450 3409 vocab—erat
470 3361 671 3423 oppugnatum:
692 3374 756 3412 con·
854 3373 893 3418 13.
921 3360 963 3407 me
985 3395 989 3406 .
1014 3395 1019 3406 .
1043 3393 1048 3404 .
1070 3357 1173 3404 carere:
1193 3353 1329 3419 sparetus,
1426 3345 1427 3352 ’

232 3443 300 3489 trast
319 3441 480 3502 expugnare,
494 3437 512 3489 l.
526 3452 553 3502 4.
807 3435 847 3489 lit.
863 3437 892 3489 be
900 3436 1016 3488 without
1027 3452 1086 3499 mo,-
1106 3438 1149 3484 me
1159 3433 1181 3485 is
1192 3431 1246 3484 abl.
1261 3447 1328 3484 case.
1426 3455 1427 3476 2

294 3531 318 3580 5.
345 3521 411 3582 qui:
431 3517 486 3571 abl.
502 3517 533 3571 of
542 3535 645 3572 means.
807 3521 979 3584 -potestis:
995 3537 1051 3586 you
1059 3519 1140 3571 could
1147 3537 1156 3581 ‚·
1179 3517 1213 3570 cf.
1235 3519 1329 3582 potest,
1426 3527 1427 3556 l

295 3613 319 3661 7.
345 3599 436 3650 animi
457 3600 586 3650 demissi:
612 3597 645 3650 cf.
666 3614 694 3665 p.
716 3613 757 3664 37,
808 3614 836 3665 p.
850 3598 920 3662 41,l.
935 3613 958 3664 7.

234 3675 253 3727 l.
268 3691 312 3728 20.
855 3684 895 3729 ιο.
922 3683 948 3729 ιδ
961 3702 966 3730 :
981 3679 1185 3749 performanco.
1426 3735 1427 3742 4

282 3771 321 3805 ιο.
348 3756 441 3805 modi:
461 3753 553 3822 freely,
566 3754 672 3805 chance.
706 3755 761 3805 For
857 3772 895 3818 ¹7·
922 3759 995 3807 milli
1015 3758 1194 3821 impediente:
1216 3756 1249 3810 ci.
1262 3761 1330 3811 nini
1426 3751 1427 3756 ¹

237 3831 317 3884 other
334 3831 503 3902 renderings,
522 3849 568 3885 see
587 3830 633 3883 the
652 3830 758 3885 Vocab.
812 3833 981 3900 defendente,
993 3853 1021 3904 p.
1036 3849 1078 3900 44,
1092 3836 1110 3888 l.
1129 3849 1169 3902 17.
