<?xml version="1.0" encoding="UTF-8"?>
<!DOCTYPE html PUBLIC "-//W3C//DTD XHTML 1.0 Transitional//EN"
    "http://www.w3.org/TR/xhtml1/DTD/xhtml1-transitional.dtd">
<html xmlns="http://www.w3.org/1999/xhtml" xml:lang="en" lang="en">
 <head>
  <title>
</title>
<meta http-equiv="Content-Type" content="text/html;charset=utf-8" />
  <meta name='ocr-system' content='tesseract 3.04.00' />
  <meta name='ocr-capabilities' content='ocr_page ocr_carea ocr_par ocr_line ocrx_word'/>
</head>
<body>
  <div class='ocr_page' id='page_1' title='image "./afirstlatinread01nuttgoog_0197.png"; bbox 0 0 2908 4300; ppageno 0'>
   <div class='ocr_carea' id='block_1_1' title="bbox 240 331 1027 410">
    <p class='ocr_par' dir='ltr' id='par_1_1' title="bbox 240 331 1027 410">
     <span class='ocr_line' id='line_1_1' title="bbox 240 331 1027 410; baseline -0.005 -14"><span class='ocrx_word' id='word_1_1' title='bbox 240 331 298 410; x_wconf 85' lang='lat'>184</span> <span class='ocrx_word' id='word_1_2' title='bbox 574 333 689 392; x_wconf 87' lang='lat' dir='ltr'><strong>FIRST</strong></span> <span class='ocrx_word' id='word_1_3' title='bbox 714 333 835 394; x_wconf 82' lang='lat' dir='ltr'>LllTlN</span> <span class='ocrx_word' id='word_1_4' title='bbox 863 335 1027 393; x_wconf 79' lang='lat' dir='ltr'>READER</span> 
     </span>
    </p>
   </div>
   <div class='ocr_carea' id='block_1_2' title="bbox 233 514 1345 911">
    <p class='ocr_par' dir='ltr' id='par_1_2' title="bbox 233 514 1345 911">
     <span class='ocr_line' id='line_1_2' title="bbox 236 514 1344 600; baseline 0.002 -22"><span class='ocrx_word' id='word_1_5' title='bbox 236 514 334 578; x_wconf 75' lang='lat' dir='ltr'>rebus</span> <span class='ocrx_word' id='word_1_6' title='bbox 351 515 397 579; x_wconf 91' lang='lat' dir='ltr'>ita</span> <span class='ocrx_word' id='word_1_7' title='bbox 412 524 525 597; x_wconf 87' lang='lat' dir='ltr'>gestis,</span> <span class='ocrx_word' id='word_1_8' title='bbox 543 523 652 580; x_wconf 92' lang='lat' dir='ltr'>castra</span> <span class='ocrx_word' id='word_1_9' title='bbox 669 514 700 578; x_wconf 90' lang='lat' dir='ltr'>in</span> <span class='ocrx_word' id='word_1_10' title='bbox 722 515 888 582; x_wconf 80' lang='lat' dir='ltr'>rridicibus</span> <span class='ocrx_word' id='word_1_11' title='bbox 907 516 1033 579; x_wconf 85' lang='lat' dir='ltr'>Armini</span> <span class='ocrx_word' id='word_1_12' title='bbox 1052 516 1230 580; x_wconf 88' lang='lat' dir='ltr'>habuimus</span> <span class='ocrx_word' id='word_1_13' title='bbox 1251 516 1344 600; x_wconf 89' lang='lat' dir='ltr'>apud</span> 
     </span>
     <span class='ocr_line' id='line_1_3' title="bbox 236 611 1345 703; baseline 0.002 -21"><span class='ocrx_word' id='word_1_14' title='bbox 236 611 325 682; x_wconf 71' lang='lat' dir='ltr'>Tirais</span> <span class='ocrx_word' id='word_1_15' title='bbox 342 619 526 683; x_wconf 76' lang='lat' dir='ltr'>Alexandri</span> <span class='ocrx_word' id='word_1_16' title='bbox 538 619 769 702; x_wconf 86' lang='lat' dir='ltr'>quadriduum,</span> <span class='ocrx_word' id='word_1_17' title='bbox 783 629 817 684; x_wconf 89' lang='lat' dir='ltr'>et</span> <span class='ocrx_word' id='word_1_18' title='bbox 832 619 866 684; x_wconf 93' lang='lat' dir='ltr'>in</span> <span class='ocrx_word' id='word_1_19' title='bbox 883 620 1030 703; x_wconf 88' lang='lat' dir='ltr'>reliquiis</span> <span class='ocrx_word' id='word_1_20' title='bbox 1047 621 1173 684; x_wconf 72' lang='lat' dir='ltr'>Amini</span> <span class='ocrx_word' id='word_1_21' title='bbox 1188 621 1345 685; x_wconf 71' lang='lat' dir='ltr'>delendis</span> 
     </span>
     <span class='ocr_line' id='line_1_4' title="bbox 234 723 1344 810; baseline 0 -22"><span class='ocrx_word' id='word_1_22' title='bbox 234 731 390 806; x_wconf 88' lang='lat' dir='ltr'>agrisque</span> <span class='ocrx_word' id='word_1_23' title='bbox 405 725 586 800; x_wconf 71' lang='lat' dir='ltr'>vistandis,</span> <span class='ocrx_word' id='word_1_24' title='bbox 604 744 690 807; x_wconf 87' lang='lat' dir='ltr'>quae</span> <span class='ocrx_word' id='word_1_25' title='bbox 706 744 784 806; x_wconf 91' lang='lat' dir='ltr'>pars</span> <span class='ocrx_word' id='word_1_26' title='bbox 803 724 875 788; x_wconf 89' lang='lat' dir='ltr'>eius</span> <span class='ocrx_word' id='word_1_27' title='bbox 894 723 1017 789; x_wconf 90' lang='lat' dir='ltr'>montis</span> <span class='ocrx_word' id='word_1_28' title='bbox 1033 745 1127 789; x_wconf 88' lang='lat' dir='ltr'>meae</span> <span class='ocrx_word' id='word_1_29' title='bbox 1146 725 1344 810; x_wconf 81' lang='lat' dir='ltr'>provinciae</span> 
     </span>
     <span class='ocr_line' id='line_1_5' title="bbox 233 827 904 911; baseline 0 -19"><span class='ocrx_word' id='word_1_30' title='bbox 233 835 293 905; x_wconf 85' lang='lat' dir='ltr'>est,</span> <span class='ocrx_word' id='word_1_31' title='bbox 311 827 344 890; x_wconf 93' lang='lat' dir='ltr'>id</span> <span class='ocrx_word' id='word_1_32' title='bbox 360 836 493 911; x_wconf 88' lang='lat' dir='ltr'>tempus</span> <span class='ocrx_word' id='word_1_33' title='bbox 510 847 609 892; x_wconf 89' lang='lat' dir='ltr'>omne</span> <span class='ocrx_word' id='word_1_34' title='bbox 625 829 904 911; x_wconf 76' lang='lat' dir='ltr'>consumpsimus.</span> 
     </span>
    </p>
   </div>
   <div class='ocr_carea' id='block_1_3' title="bbox 304 1064 1273 1317">
    <p class='ocr_par' dir='ltr' id='par_1_3' title="bbox 304 1064 1273 1317">
     <span class='ocr_line' id='line_1_6' title="bbox 646 1064 927 1143; baseline 0 -15"><span class='ocrx_word' id='word_1_35' title='bbox 646 1064 830 1130; x_wconf 89' lang='lat' dir='ltr'>LESSON</span> <span class='ocrx_word' id='word_1_36' title='bbox 866 1080 927 1143; x_wconf 90' lang='lat'>140</span> 
     </span>
     <span class='ocr_line' id='line_1_7' title="bbox 304 1231 1273 1317; baseline 0 -20"><span class='ocrx_word' id='word_1_37' title='bbox 304 1231 501 1316; x_wconf 83' lang='lat' dir='ltr'>Completion</span> <span class='ocrx_word' id='word_1_38' title='bbox 523 1234 565 1316; x_wconf 85' lang='lat' dir='ltr'>os</span> <span class='ocrx_word' id='word_1_39' title='bbox 581 1232 634 1296; x_wconf 75' lang='lat' dir='ltr'>tlte</span> <span class='ocrx_word' id='word_1_40' title='bbox 655 1233 864 1296; x_wconf 78' lang='lat' dir='ltr'>Drstmction</span> <span class='ocrx_word' id='word_1_41' title='bbox 887 1233 929 1316; x_wconf 87' lang='lat' dir='ltr'>os</span> <span class='ocrx_word' id='word_1_42' title='bbox 944 1233 1032 1296; x_wconf 78' lang='lat' dir='ltr'>their</span> <span class='ocrx_word' id='word_1_43' title='bbox 1053 1233 1273 1317; x_wconf 80' lang='lat' dir='ltr'>Strongltolds</span> 
     </span>
    </p>
   </div>
   <div class='ocr_carea' id='block_1_4' title="bbox 191 1394 1344 2106">
    <p class='ocr_par' dir='ltr' id='par_1_4' title="bbox 208 1394 1344 1893">
     <span class='ocr_line' id='line_1_8' title="bbox 208 1394 1344 1478; baseline 0 -18"><span class='ocrx_word' id='word_1_44' title='bbox 208 1412 222 1468; x_wconf 78' lang='lat'><strong>5</strong></span> <span class='ocrx_word' id='word_1_45' title='bbox 277 1395 449 1460; x_wconf 81' lang='lat' dir='ltr'>Confectis</span> <span class='ocrx_word' id='word_1_46' title='bbox 473 1397 524 1460; x_wconf 88' lang='lat' dir='ltr'>his</span> <span class='ocrx_word' id='word_1_47' title='bbox 547 1394 656 1472; x_wconf 77' lang='lat' dir='ltr'>rebus,</span> <span class='ocrx_word' id='word_1_48' title='bbox 678 1395 720 1458; x_wconf 94' lang='lat' dir='ltr'>ad</span> <span class='ocrx_word' id='word_1_49' title='bbox 743 1395 905 1478; x_wconf 89' lang='lat' dir='ltr'>oppidum</span> <span class='ocrx_word' id='word_1_50' title='bbox 928 1396 1242 1460; x_wconf 85' lang='lat' dir='ltr'>Eleutherocilicum</span> <span class='ocrx_word' id='word_1_51' title='bbox 1266 1397 1344 1460; x_wconf 87' lang='lat' dir='ltr'>Pin·</span> 
     </span>
     <span class='ocr_line' id='line_1_9' title="bbox 231 1498 1343 1581; baseline 0.004 -20"><span class='ocrx_word' id='word_1_52' title='bbox 231 1498 403 1562; x_wconf 91' lang='lat' dir='ltr'>denissum</span> <span class='ocrx_word' id='word_1_53' title='bbox 424 1501 605 1563; x_wconf 88' lang='lat' dir='ltr'>exercitum</span> <span class='ocrx_word' id='word_1_54' title='bbox 627 1499 759 1562; x_wconf 75' lang='lat' dir='ltr'>adduxi.</span> <span class='ocrx_word' id='word_1_55' title='bbox 807 1499 906 1581; x_wconf 83' lang='lat' dir='ltr'>Quod</span> <span class='ocrx_word' id='word_1_56' title='bbox 928 1519 1004 1562; x_wconf 93' lang='lat' dir='ltr'>cum</span> <span class='ocrx_word' id='word_1_57' title='bbox 1021 1509 1110 1564; x_wconf 90' lang='lat' dir='ltr'>esset</span> <span class='ocrx_word' id='word_1_58' title='bbox 1125 1499 1288 1563; x_wconf 80' lang='lat' dir='ltr'>altissimo</span> <span class='ocrx_word' id='word_1_59' title='bbox 1305 1512 1343 1565; x_wconf 88' lang='lat' dir='ltr'>et</span> 
     </span>
     <span class='ocr_line' id='line_1_10' title="bbox 231 1602 1343 1687; baseline 0.002 -21"><span class='ocrx_word' id='word_1_60' title='bbox 231 1603 454 1666; x_wconf 67' lang='lat' dir='ltr'>munitissimi&gt;</span> <span class='ocrx_word' id='word_1_61' title='bbox 474 1603 555 1679; x_wconf 77' lang='lat' dir='ltr'>locri,</span> <span class='ocrx_word' id='word_1_62' title='bbox 573 1602 615 1666; x_wconf 86' lang='lat' dir='ltr'>ab</span> <span class='ocrx_word' id='word_1_63' title='bbox 633 1604 739 1685; x_wconf 90' lang='lat' dir='ltr'>iisque</span> <span class='ocrx_word' id='word_1_64' title='bbox 755 1603 964 1680; x_wconf 75' lang='lat' dir='ltr'>incoleretur,</span> <span class='ocrx_word' id='word_1_65' title='bbox 982 1613 1040 1686; x_wconf 90' lang='lat' dir='ltr'>qui</span> <span class='ocrx_word' id='word_1_66' title='bbox 1055 1610 1098 1667; x_wconf 76' lang='lat' dir='ltr'>ne</span> <span class='ocrx_word' id='word_1_67' title='bbox 1115 1604 1249 1686; x_wconf 74' lang='lat' dir='ltr'>regibus</span> <span class='ocrx_word' id='word_1_68' title='bbox 1267 1607 1343 1687; x_wconf 90' lang='lat' dir='ltr'>qui-</span> 
     </span>
     <span class='ocr_line' id='line_1_11' title="bbox 231 1707 1343 1791; baseline 0.002 -21"><span class='ocrx_word' id='word_1_69' title='bbox 231 1707 307 1770; x_wconf 91' lang='lat' dir='ltr'>dem</span> <span class='ocrx_word' id='word_1_70' title='bbox 331 1727 489 1790; x_wconf 90' lang='lat' dir='ltr'>umquam</span> <span class='ocrx_word' id='word_1_71' title='bbox 516 1709 715 1790; x_wconf 75' lang='lat' dir='ltr'>paruissent,</span> <span class='ocrx_word' id='word_1_72' title='bbox 739 1727 816 1770; x_wconf 89' lang='lat' dir='ltr'>curn</span> <span class='ocrx_word' id='word_1_73' title='bbox 839 1718 874 1770; x_wconf 94' lang='lat' dir='ltr'>et</span> <span class='ocrx_word' id='word_1_74' title='bbox 897 1707 1057 1789; x_wconf 80' lang='lat' dir='ltr'>fugitivos</span> <span class='ocrx_word' id='word_1_75' title='bbox 1079 1708 1278 1791; x_wconf 84' lang='lat' dir='ltr'>reciperent,</span> <span class='ocrx_word' id='word_1_76' title='bbox 1304 1719 1343 1772; x_wconf 89' lang='lat' dir='ltr'>et</span> 
     </span>
     <span class='ocr_line' id='line_1_12' title="bbox 232 1811 1344 1893; baseline 0.002 -19"><span class='ocrx_word' id='word_1_77' title='bbox 232 1812 429 1874; x_wconf 78' lang='lat' dir='ltr'>Parthorum</span> <span class='ocrx_word' id='word_1_78' title='bbox 454 1811 635 1874; x_wconf 91' lang='lat' dir='ltr'>adventum</span> <span class='ocrx_word' id='word_1_79' title='bbox 661 1812 821 1874; x_wconf 57' lang='lat' dir='ltr'>acerrime</span> <span class='ocrx_word' id='word_1_80' title='bbox 845 1819 1088 1893; x_wconf 58' lang='lat' dir='ltr'>exspectarent,</span> <span class='ocrx_word' id='word_1_81' title='bbox 1105 1812 1147 1875; x_wconf 92' lang='lat' dir='ltr'>ad</span> <span class='ocrx_word' id='word_1_82' title='bbox 1172 1812 1344 1876; x_wconf 71' lang='lat' dir='ltr'>existima·</span> 
     </span>
    </p>

    <p class='ocr_par' dir='ltr' id='par_1_5' title="bbox 191 1914 1343 2106">
     <span class='ocr_line' id='line_1_13' title="bbox 191 1914 1342 1998; baseline 0.003 -21"><span class='ocrx_word' id='word_1_83' title='bbox 191 1938 221 1976; x_wconf 88' lang='lat' dir='ltr'>ro</span> <span class='ocrx_word' id='word_1_84' title='bbox 230 1916 355 1978; x_wconf 79' lang='lat' dir='ltr'>tionem</span> <span class='ocrx_word' id='word_1_85' title='bbox 371 1915 489 1998; x_wconf 89' lang='lat' dir='ltr'>imperi</span> <span class='ocrx_word' id='word_1_86' title='bbox 509 1917 676 1998; x_wconf 71' lang='lat' dir='ltr'>pertinere</span> <span class='ocrx_word' id='word_1_87' title='bbox 695 1914 874 1978; x_wconf 60' lang='lat' dir='ltr'>arbitratus</span> <span class='ocrx_word' id='word_1_88' title='bbox 890 1936 964 1978; x_wconf 93' lang='lat' dir='ltr'>sum</span> <span class='ocrx_word' id='word_1_89' title='bbox 980 1915 1200 1997; x_wconf 89' lang='lat' dir='ltr'>comprimere</span> <span class='ocrx_word' id='word_1_90' title='bbox 1219 1925 1342 1980; x_wconf 79' lang='lat' dir='ltr'>eorum</span> 
     </span>
     <span class='ocr_line' id='line_1_14' title="bbox 230 2019 1343 2106; baseline 0.002 -24"><span class='ocrx_word' id='word_1_91' title='bbox 230 2019 413 2096; x_wconf 77' lang='lat' dir='ltr'>audaiciam,</span> <span class='ocrx_word' id='word_1_92' title='bbox 437 2027 504 2102; x_wconf 83' lang='lat' dir='ltr'>quo</span> <span class='ocrx_word' id='word_1_93' title='bbox 526 2019 658 2083; x_wconf 80' lang='lat' dir='ltr'>facilius</span> <span class='ocrx_word' id='word_1_94' title='bbox 685 2021 785 2083; x_wconf 92' lang='lat' dir='ltr'>etiam</span> <span class='ocrx_word' id='word_1_95' title='bbox 813 2027 999 2084; x_wconf 77' lang='lat' dir='ltr'>ceterorum</span> <span class='ocrx_word' id='word_1_96' title='bbox 1026 2019 1138 2098; x_wconf 88' lang='lat' dir='ltr'>animi,</span> <span class='ocrx_word' id='word_1_97' title='bbox 1156 2028 1213 2106; x_wconf 92' lang='lat' dir='ltr'>qui</span> <span class='ocrx_word' id='word_1_98' title='bbox 1236 2022 1343 2085; x_wconf 78' lang='lat' dir='ltr'>alieni</span> 
     </span>
    </p>
   </div>
   <div class='ocr_carea' id='block_1_5' title="bbox 229 2123 1343 2416">
    <p class='ocr_par' dir='ltr' id='par_1_6' title="bbox 229 2123 1343 2416">
     <span class='ocr_line' id='line_1_15' title="bbox 229 2123 961 2206; baseline 0.003 -20"><span class='ocrx_word' id='word_1_99' title='bbox 229 2133 343 2187; x_wconf 89' lang='lat' dir='ltr'>essent</span> <span class='ocrx_word' id='word_1_100' title='bbox 358 2123 401 2186; x_wconf 90' lang='lat' dir='ltr'>ab</span> <span class='ocrx_word' id='word_1_101' title='bbox 416 2123 557 2206; x_wconf 80' lang='lat' dir='ltr'>imperio</span> <span class='ocrx_word' id='word_1_102' title='bbox 573 2131 696 2198; x_wconf 79' lang='lat' dir='ltr'>nostro,</span> <span class='ocrx_word' id='word_1_103' title='bbox 714 2123 961 2205; x_wconf 79' lang='lat' dir='ltr'>frangerentur.</span> 
     </span>
     <span class='ocr_line' id='line_1_16' title="bbox 273 2227 1343 2312; baseline 0.002 -22"><span class='ocrx_word' id='word_1_104' title='bbox 273 2227 372 2290; x_wconf 76' lang='lat' dir='ltr'>Va‘rllci</span> <span class='ocrx_word' id='word_1_105' title='bbox 390 2238 423 2290; x_wconf 90' lang='lat' dir='ltr'>et</span> <span class='ocrx_word' id='word_1_106' title='bbox 443 2227 535 2290; x_wconf 68' lang='lat' dir='ltr'>fossi</span> <span class='ocrx_word' id='word_1_107' title='bbox 555 2227 768 2303; x_wconf 89' lang='lat' dir='ltr'>circumdedi,</span> <span class='ocrx_word' id='word_1_108' title='bbox 786 2247 844 2290; x_wconf 86' lang='lat' dir='ltr'>sex</span> <span class='ocrx_word' id='word_1_109' title='bbox 865 2228 1010 2292; x_wconf 86' lang='lat' dir='ltr'>castellis</span> <span class='ocrx_word' id='word_1_110' title='bbox 1031 2237 1216 2312; x_wconf 87' lang='lat' dir='ltr'>castrisque</span> <span class='ocrx_word' id='word_1_111' title='bbox 1236 2232 1343 2292; x_wconf 87' lang='lat' dir='ltr'>maxi-</span> 
     </span>
     <span class='ocr_line' id='line_1_17' title="bbox 229 2330 1343 2416; baseline 0.004 -23"><span class='ocrx_word' id='word_1_112' title='bbox 229 2341 292 2393; x_wconf 90' lang='lat' dir='ltr'>mis</span> <span class='ocrx_word' id='word_1_113' title='bbox 311 2338 430 2414; x_wconf 86' lang='lat' dir='ltr'>saepsi,</span> <span class='ocrx_word' id='word_1_114' title='bbox 448 2351 582 2413; x_wconf 86' lang='lat' dir='ltr'>aggere,</span> <span class='ocrx_word' id='word_1_115' title='bbox 598 2331 706 2406; x_wconf 91' lang='lat' dir='ltr'>viniis,</span> <span class='ocrx_word' id='word_1_116' title='bbox 722 2330 869 2394; x_wconf 88' lang='lat' dir='ltr'>turribus</span> <span class='ocrx_word' id='word_1_117' title='bbox 886 2341 1090 2415; x_wconf 59' lang='lat' dir='ltr'>oppugnavi,</span> <span class='ocrx_word' id='word_1_118' title='bbox 1108 2341 1254 2416; x_wconf 79' lang='lat' dir='ltr'>ususque</span> <span class='ocrx_word' id='word_1_119' title='bbox 1271 2343 1343 2398; x_wconf 89' lang='lat' dir='ltr'>tor·</span> 
     </span>
    </p>
   </div>
   <div class='ocr_carea' id='block_1_6' title="bbox 197 2493 1343 3934">
    <p class='ocr_par' dir='ltr' id='par_1_7' title="bbox 228 2493 1343 2890">
     <span class='ocr_line' id='line_1_18' title="bbox 276 2493 1342 2567; baseline 0.005 -20"><span class='ocrx_word' id='word_1_120' title='bbox 276 2513 299 2547; x_wconf 86' lang='lat'>1.</span> <span class='ocrx_word' id='word_1_121' title='bbox 325 2496 475 2548; x_wconf 60' lang='lat' dir='ltr'>radicibus:</span> <span class='ocrx_word' id='word_1_122' title='bbox 502 2493 628 2567; x_wconf 80' lang='lat' dir='ltr'>soothills</span> <span class='ocrx_word' id='word_1_123' title='bbox 656 2496 754 2566; x_wconf 75' lang='lat' dir='ltr'>(ridix,</span> <span class='ocrx_word' id='word_1_124' title='bbox 806 2493 848 2548; x_wconf 89' lang='lat' dir='ltr'>sor</span> <span class='ocrx_word' id='word_1_125' title='bbox 873 2495 920 2550; x_wconf 87' lang='lat' dir='ltr'>the</span> <span class='ocrx_word' id='word_1_126' title='bbox 944 2496 1066 2565; x_wconf 88' lang='lat' dir='ltr'>position</span> <span class='ocrx_word' id='word_1_127' title='bbox 1086 2496 1118 2552; x_wconf 90' lang='lat' dir='ltr'>os</span> <span class='ocrx_word' id='word_1_128' title='bbox 1147 2513 1218 2564; x_wconf 65' lang='lat' dir='ltr'>—qua</span> <span class='ocrx_word' id='word_1_129' title='bbox 1238 2497 1274 2551; x_wconf 83' lang='lat' dir='ltr'>cf.</span> <span class='ocrx_word' id='word_1_130' title='bbox 1302 2503 1342 2552; x_wconf 92' lang='lat' dir='ltr'>ob</span> 
     </span>
     <span class='ocr_line' id='line_1_19' title="bbox 228 2575 1343 2648; baseline 0.004 -22"><span class='ocrx_word' id='word_1_131' title='bbox 228 2575 401 2642; x_wconf 78' lang='lat' dir='ltr'>·icis,r.,lit.</span> <span class='ocrx_word' id='word_1_132' title='bbox 417 2577 503 2647; x_wconf 85' lang='lat' dir='ltr'>root).</span> <span class='ocrx_word' id='word_1_133' title='bbox 805 2589 918 2641; x_wconf 73' lang='lat' dir='ltr'>eamque</span> <span class='ocrx_word' id='word_1_134' title='bbox 941 2591 1058 2645; x_wconf 72' lang='lat' dir='ltr'>mmm,</span> <span class='ocrx_word' id='word_1_135' title='bbox 1082 2595 1109 2647; x_wconf 91' lang='lat' dir='ltr'>p.</span> <span class='ocrx_word' id='word_1_136' title='bbox 1139 2593 1195 2647; x_wconf 90' lang='lat'>129,</span> <span class='ocrx_word' id='word_1_137' title='bbox 1218 2578 1238 2630; x_wconf 93' lang='lat' dir='ltr'>l.</span> <span class='ocrx_word' id='word_1_138' title='bbox 1267 2593 1343 2648; x_wconf 83' lang='lat'>5.—</span> 
     </span>
     <span class='ocr_line' id='line_1_20' title="bbox 274 2655 1277 2727; baseline 0.003 -20"><span class='ocrx_word' id='word_1_139' title='bbox 274 2673 298 2707; x_wconf 82' lang='lat' dir='ltr'>a.</span> <span class='ocrx_word' id='word_1_140' title='bbox 325 2657 462 2720; x_wconf 81' lang='lat' dir='ltr'>reliquiis:</span> <span class='ocrx_word' id='word_1_141' title='bbox 498 2657 543 2708; x_wconf 59' lang='lat' dir='ltr'>alc.</span> <span class='ocrx_word' id='word_1_142' title='bbox 562 2655 607 2718; x_wconf 78' lang='lat' dir='ltr'>tlte</span> <span class='ocrx_word' id='word_1_143' title='bbox 631 2658 755 2710; x_wconf 79' lang='lat' dir='ltr'>remain—</span> <span class='ocrx_word' id='word_1_144' title='bbox 805 2658 928 2722; x_wconf 68' lang='lat' dir='ltr'>rigibus:</span> <span class='ocrx_word' id='word_1_145' title='bbox 949 2658 1066 2727; x_wconf 87' lang='lat' dir='ltr'>namely,</span> <span class='ocrx_word' id='word_1_146' title='bbox 1080 2657 1111 2712; x_wconf 82' lang='lat' dir='ltr'>ol</span> <span class='ocrx_word' id='word_1_147' title='bbox 1121 2657 1192 2711; x_wconf 88' lang='lat' dir='ltr'>their</span> <span class='ocrx_word' id='word_1_148' title='bbox 1203 2675 1277 2712; x_wconf 89' lang='lat' dir='ltr'>own.</span> 
     </span>
     <span class='ocr_line' id='line_1_21' title="bbox 228 2734 1341 2806; baseline 0.003 -18"><span class='ocrx_word' id='word_1_149' title='bbox 228 2735 449 2806; x_wconf 84' lang='lat' dir='ltr'>inglandmarks</span> <span class='ocrx_word' id='word_1_150' title='bbox 456 2752 466 2800; x_wconf 94' lang='lat'>,·</span> <span class='ocrx_word' id='word_1_151' title='bbox 479 2734 515 2789; x_wconf 85' lang='lat' dir='ltr'>ci.</span> <span class='ocrx_word' id='word_1_152' title='bbox 527 2737 664 2804; x_wconf 75' lang='lat' dir='ltr'>reliquiis,</span> <span class='ocrx_word' id='word_1_153' title='bbox 675 2753 701 2806; x_wconf 93' lang='lat' dir='ltr'>p.</span> <span class='ocrx_word' id='word_1_154' title='bbox 711 2735 754 2804; x_wconf 89' lang='lat'>36,</span> <span class='ocrx_word' id='word_1_155' title='bbox 867 2743 893 2788; x_wconf 80' lang='lat'>8.</span> <span class='ocrx_word' id='word_1_156' title='bbox 919 2751 995 2789; x_wconf 88' lang='lat' dir='ltr'>cum:</span> <span class='ocrx_word' id='word_1_157' title='bbox 1018 2738 1094 2806; x_wconf 84' lang='lat' dir='ltr'>(and</span> <span class='ocrx_word' id='word_1_158' title='bbox 1100 2736 1113 2806; x_wconf 94' lang='lat'><strong>)</strong></span> <span class='ocrx_word' id='word_1_159' title='bbox 1128 2740 1208 2790; x_wconf 79' lang='lat' dir='ltr'>since.</span> <span class='ocrx_word' id='word_1_160' title='bbox 1218 2768 1254 2778; x_wconf 94' lang='lat'>—</span> <span class='ocrx_word' id='word_1_161' title='bbox 1262 2739 1341 2805; x_wconf 82' lang='lat' dir='ltr'>tugi-</span> 
     </span>
     <span class='ocr_line' id='line_1_22' title="bbox 228 2816 1341 2890; baseline 0.004 -22"><span class='ocrx_word' id='word_1_162' title='bbox 228 2817 248 2869; x_wconf 94' lang='lat' dir='ltr'>l.</span> <span class='ocrx_word' id='word_1_163' title='bbox 272 2830 312 2886; x_wconf 84' lang='lat'>15.</span> <span class='ocrx_word' id='word_1_164' title='bbox 805 2818 895 2870; x_wconf 82' lang='lat' dir='ltr'>tivllsr</span> <span class='ocrx_word' id='word_1_165' title='bbox 923 2816 1068 2887; x_wconf 79' lang='lat' dir='ltr'>fugitivus,</span> <span class='ocrx_word' id='word_1_166' title='bbox 1085 2821 1115 2886; x_wconf 88' lang='lat'>-1,</span> <span class='ocrx_word' id='word_1_167' title='bbox 1133 2831 1178 2886; x_wconf 74' lang='lat' dir='ltr'>ir,</span> <span class='ocrx_word' id='word_1_168' title='bbox 1191 2834 1341 2890; x_wconf 86' lang='lat' dir='ltr'>runaway</span> 
     </span>
    </p>

    <p class='ocr_par' dir='ltr' id='par_1_8' title="bbox 197 2897 1340 3934">
     <span class='ocr_line' id='line_1_23' title="bbox 271 2897 891 2965; baseline 0.003 -17"><span class='ocrx_word' id='word_1_169' title='bbox 271 2915 296 2960; x_wconf 81' lang='lat'>³·</span> <span class='ocrx_word' id='word_1_170' title='bbox 323 2898 481 2949; x_wconf 70' lang='lat' dir='ltr'>vistandis:</span> <span class='ocrx_word' id='word_1_171' title='bbox 521 2898 610 2961; x_wconf 74' lang='lat' dir='ltr'>visto,</span> <span class='ocrx_word' id='word_1_172' title='bbox 652 2911 674 2964; x_wconf 88' lang='lat'>1,</span> <span class='ocrx_word' id='word_1_173' title='bbox 711 2897 756 2965; x_wconf 81' lang='lat' dir='ltr'>lay</span> <span class='ocrx_word' id='word_1_174' title='bbox 804 2897 891 2950; x_wconf 80' lang='lat' dir='ltr'>slave.</span> 
     </span>
     <span class='ocr_line' id='line_1_24' title="bbox 227 2969 1339 3043; baseline 0.004 -13"><span class='ocrx_word' id='word_1_175' title='bbox 227 2969 443 3042; x_wconf 74' lang='lat' dir='ltr'>wasta—quae</span> <span class='ocrx_word' id='word_1_176' title='bbox 466 2991 529 3043; x_wconf 77' lang='lat' dir='ltr'>pars</span> <span class='ocrx_word' id='word_1_177' title='bbox 554 2978 611 3029; x_wconf 79' lang='lat' dir='ltr'>eiua</span> <span class='ocrx_word' id='word_1_178' title='bbox 636 2979 753 3030; x_wconf 78' lang='lat' dir='ltr'>montis:</span> <span class='ocrx_word' id='word_1_179' title='bbox 867 2995 891 3042; x_wconf 78' lang='lat'>⁹·</span> <span class='ocrx_word' id='word_1_180' title='bbox 916 2981 1165 3033; x_wconf 60' lang='lat' dir='ltr'>existimationem:</span> <span class='ocrx_word' id='word_1_181' title='bbox 1191 2982 1339 3034; x_wconf 70' lang='lat' dir='ltr'>existimi-</span> 
     </span>
     <span class='ocr_line' id='line_1_25' title="bbox 228 3058 1138 3132; baseline 0.002 -21"><span class='ocrx_word' id='word_1_182' title='bbox 228 3060 273 3111; x_wconf 81' lang='lat' dir='ltr'>i.e.</span> <span class='ocrx_word' id='word_1_183' title='bbox 295 3059 324 3109; x_wconf 90' lang='lat' dir='ltr'>in</span> <span class='ocrx_word' id='word_1_184' title='bbox 352 3062 384 3110; x_wconf 81' lang='lat' dir='ltr'>eri</span> <span class='ocrx_word' id='word_1_185' title='bbox 410 3059 512 3110; x_wconf 82' lang='lat' dir='ltr'>montis</span> <span class='ocrx_word' id='word_1_186' title='bbox 536 3060 621 3124; x_wconf 80' lang='lat' dir='ltr'>parte,</span> <span class='ocrx_word' id='word_1_187' title='bbox 635 3072 755 3123; x_wconf 74' lang='lat' dir='ltr'>quaa-</span> <span class='ocrx_word' id='word_1_188' title='bbox 805 3058 1138 3132; x_wconf 65' lang='lat' dir='ltr'>ut,onu,u.,prcst1ge.</span> 
     </span>
     <span class='ocr_line' id='line_1_26' title="bbox 228 3137 1336 3213; baseline 0.005 -23"><span class='ocrx_word' id='word_1_189' title='bbox 228 3153 304 3190; x_wconf 81' lang='lat' dir='ltr'>meae</span> <span class='ocrx_word' id='word_1_190' title='bbox 321 3139 476 3203; x_wconf 77' lang='lat' dir='ltr'>provinciae</span> <span class='ocrx_word' id='word_1_191' title='bbox 504 3141 562 3191; x_wconf 82' lang='lat' dir='ltr'>ast:</span> <span class='ocrx_word' id='word_1_192' title='bbox 598 3137 704 3208; x_wconf 78' lang='lat' dir='ltr'>belongs</span> <span class='ocrx_word' id='word_1_193' title='bbox 727 3144 755 3190; x_wconf 81' lang='lat' dir='ltr'>to</span> <span class='ocrx_word' id='word_1_194' title='bbox 852 3155 892 3192; x_wconf 86' lang='lat' dir='ltr'>ro.</span> <span class='ocrx_word' id='word_1_195' title='bbox 919 3141 1032 3206; x_wconf 82' lang='lat' dir='ltr'>imperi:</span> <span class='ocrx_word' id='word_1_196' title='bbox 1049 3140 1336 3213; x_wconf 81' lang='lat' dir='ltr'>(our)goverrrment.</span> 
     </span>
     <span class='ocr_line' id='line_1_27' title="bbox 197 3217 1337 3292; baseline 0.004 -22"><span class='ocrx_word' id='word_1_197' title='bbox 197 3229 198 3232; x_wconf 73' lang='grc'>’</span> <span class='ocrx_word' id='word_1_198' title='bbox 232 3217 285 3289; x_wconf 89' lang='lat' dir='ltr'>(lit.</span> <span class='ocrx_word' id='word_1_199' title='bbox 297 3221 322 3271; x_wconf 90' lang='lat' dir='ltr'>is</span> <span class='ocrx_word' id='word_1_200' title='bbox 333 3218 369 3289; x_wconf 87' lang='lat' dir='ltr'>os</span> <span class='ocrx_word' id='word_1_201' title='bbox 373 3218 386 3285; x_wconf 86' lang='lat'><em>)</em></span> <span class='ocrx_word' id='word_1_202' title='bbox 402 3235 447 3286; x_wconf 84' lang='lat' dir='ltr'>my</span> <span class='ocrx_word' id='word_1_203' title='bbox 456 3220 600 3288; x_wconf 74' lang='lat' dir='ltr'>province.</span> <span class='ocrx_word' id='word_1_204' title='bbox 805 3221 1035 3286; x_wconf 77' lang='lat' dir='ltr'>-comprimerer</span> <span class='ocrx_word' id='word_1_205' title='bbox 1097 3223 1252 3289; x_wconf 75' lang='lat' dir='ltr'>comprimi,</span> <span class='ocrx_word' id='word_1_206' title='bbox 1307 3238 1337 3292; x_wconf 87' lang='lat'>3,</span> 
     </span>
     <span class='ocr_line' id='line_1_28' title="bbox 272 3297 1271 3372; baseline 0.007 -23"><span class='ocrx_word' id='word_1_207' title='bbox 272 3314 297 3363; x_wconf 85' lang='lat'>5.</span> <span class='ocrx_word' id='word_1_208' title='bbox 323 3300 530 3351; x_wconf 83' lang='lat' dir='ltr'>Pindenissum:</span> <span class='ocrx_word' id='word_1_209' title='bbox 563 3297 753 3367; x_wconf 84' lang='lat' dir='ltr'>inapposition</span> <span class='ocrx_word' id='word_1_210' title='bbox 804 3304 909 3366; x_wconf 81' lang='lat' dir='ltr'>-pressi,</span> <span class='ocrx_word' id='word_1_211' title='bbox 923 3316 1051 3367; x_wconf 75' lang='lat' dir='ltr'>-preaaus,</span> <span class='ocrx_word' id='word_1_212' title='bbox 1064 3305 1271 3372; x_wconf 72' lang='lat' dir='ltr'>putastopto.</span> 
     </span>
     <span class='ocr_line' id='line_1_29' title="bbox 228 3378 1337 3452; baseline 0.004 -20"><span class='ocrx_word' id='word_1_213' title='bbox 228 3378 292 3432; x_wconf 89' lang='lat' dir='ltr'>with</span> <span class='ocrx_word' id='word_1_214' title='bbox 303 3381 441 3445; x_wconf 87' lang='lat' dir='ltr'>oppidum.</span> <span class='ocrx_word' id='word_1_215' title='bbox 474 3378 535 3431; x_wconf 91' lang='lat' dir='ltr'>The</span> <span class='ocrx_word' id='word_1_216' title='bbox 546 3387 624 3432; x_wconf 90' lang='lat' dir='ltr'>exact</span> <span class='ocrx_word' id='word_1_217' title='bbox 633 3378 754 3433; x_wconf 88' lang='lat' dir='ltr'>location</span> <span class='ocrx_word' id='word_1_218' title='bbox 851 3398 891 3432; x_wconf 79' lang='grc' dir='ltr'>ιι.</span> <span class='ocrx_word' id='word_1_219' title='bbox 918 3385 985 3446; x_wconf 76' lang='lat' dir='ltr'>quo:</span> <span class='ocrx_word' id='word_1_220' title='bbox 1011 3389 1077 3436; x_wconf 86' lang='lat' dir='ltr'>note</span> <span class='ocrx_word' id='word_1_221' title='bbox 1094 3382 1142 3437; x_wconf 90' lang='lat' dir='ltr'>the</span> <span class='ocrx_word' id='word_1_222' title='bbox 1163 3399 1284 3452; x_wconf 88' lang='lat' dir='ltr'>compar.</span> <span class='ocrx_word' id='word_1_223' title='bbox 1305 3382 1337 3436; x_wconf 90' lang='lat' dir='ltr'>in</span> 
     </span>
     <span class='ocr_line' id='line_1_30' title="bbox 227 3457 1340 3518; baseline 0.004 -4"><span class='ocrx_word' id='word_1_224' title='bbox 227 3459 259 3514; x_wconf 83' lang='lat' dir='ltr'>oi</span> <span class='ocrx_word' id='word_1_225' title='bbox 268 3459 323 3513; x_wconf 89' lang='lat' dir='ltr'>this</span> <span class='ocrx_word' id='word_1_226' title='bbox 336 3467 410 3514; x_wconf 87' lang='lat' dir='ltr'>town</span> <span class='ocrx_word' id='word_1_227' title='bbox 423 3457 447 3511; x_wconf 92' lang='lat' dir='ltr'>is</span> <span class='ocrx_word' id='word_1_228' title='bbox 460 3465 510 3512; x_wconf 90' lang='lat' dir='ltr'>not</span> <span class='ocrx_word' id='word_1_229' title='bbox 522 3457 634 3512; x_wconf 88' lang='lat' dir='ltr'>known.</span> <span class='ocrx_word' id='word_1_230' title='bbox 805 3459 853 3514; x_wconf 89' lang='lat' dir='ltr'>the</span> <span class='ocrx_word' id='word_1_231' title='bbox 879 3460 1116 3516; x_wconf 70' lang='lat' dir='ltr'>clausa-alieni</span> <span class='ocrx_word' id='word_1_232' title='bbox 1136 3501 1142 3515; x_wconf 96' lang='lat'>.</span> <span class='ocrx_word' id='word_1_233' title='bbox 1165 3500 1172 3516; x_wconf 93' lang='lat'>.</span> <span class='ocrx_word' id='word_1_234' title='bbox 1194 3465 1267 3516; x_wconf 80' lang='lat' dir='ltr'>.abr</span> <span class='ocrx_word' id='word_1_235' title='bbox 1302 3464 1340 3518; x_wconf 86' lang='lat' dir='ltr'>ill</span> 
     </span>
     <span class='ocr_line' id='line_1_31' title="bbox 271 3539 1334 3614; baseline 0.006 -22"><span class='ocrx_word' id='word_1_236' title='bbox 271 3547 297 3592; x_wconf 81' lang='lat'>⁶.</span> <span class='ocrx_word' id='word_1_237' title='bbox 323 3541 471 3605; x_wconf 89' lang='lat' dir='ltr'>quodcum</span> <span class='ocrx_word' id='word_1_238' title='bbox 491 3541 578 3590; x_wconf 81' lang='lat' dir='ltr'>esset:</span> <span class='ocrx_word' id='word_1_239' title='bbox 606 3539 679 3594; x_wconf 82' lang='lat' dir='ltr'>sinc&#39;e</span> <span class='ocrx_word' id='word_1_240' title='bbox 696 3540 754 3593; x_wconf 77' lang='lat' dir='ltr'>this</span> <span class='ocrx_word' id='word_1_241' title='bbox 804 3541 1070 3610; x_wconf 69' lang='lat' dir='ltr'>disposedtowardr</span> <span class='ocrx_word' id='word_1_242' title='bbox 1090 3542 1334 3614; x_wconf 82' lang='lat' dir='ltr'>ci.p.148,1.17.</span> 
     </span>
     <span class='ocr_line' id='line_1_32' title="bbox 226 3617 1136 3689; baseline 0.005 -17"><span class='ocrx_word' id='word_1_243' title='bbox 226 3637 286 3672; x_wconf 85' lang='lat' dir='ltr'>was</span> <span class='ocrx_word' id='word_1_244' title='bbox 300 3617 399 3687; x_wconf 81' lang='lat' dir='ltr'>(locate</span> <span class='ocrx_word' id='word_1_245' title='bbox 425 3619 451 3689; x_wconf 93' lang='lat'>).</span> <span class='ocrx_word' id='word_1_246' title='bbox 851 3638 890 3674; x_wconf 82' lang='lat'>12.</span> <span class='ocrx_word' id='word_1_247' title='bbox 917 3623 1045 3689; x_wconf 73' lang='lat' dir='ltr'>imperii:</span> <span class='ocrx_word' id='word_1_248' title='bbox 1066 3623 1136 3677; x_wconf 83' lang='lat' dir='ltr'>rule.</span> 
     </span>
     <span class='ocr_line' id='line_1_33' title="bbox 271 3700 1302 3771; baseline 0.008 -21"><span class='ocrx_word' id='word_1_249' title='bbox 271 3716 295 3764; x_wconf 86' lang='lat'>⁷·</span> <span class='ocrx_word' id='word_1_250' title='bbox 322 3700 520 3753; x_wconf 77' lang='lat' dir='ltr'>munitissimo:</span> <span class='ocrx_word' id='word_1_251' title='bbox 540 3701 635 3754; x_wconf 86' lang='lat' dir='ltr'>transl.</span> <span class='ocrx_word' id='word_1_252' title='bbox 650 3701 697 3756; x_wconf 88' lang='lat' dir='ltr'>the</span> <span class='ocrx_word' id='word_1_253' title='bbox 709 3719 752 3755; x_wconf 91' lang='lat' dir='ltr'>su·</span> <span class='ocrx_word' id='word_1_254' title='bbox 851 3719 889 3765; x_wconf 83' lang='lat'>13·</span> <span class='ocrx_word' id='word_1_255' title='bbox 915 3704 1090 3756; x_wconf 81' lang='lat' dir='ltr'>circumdedi:</span> <span class='ocrx_word' id='word_1_256' title='bbox 1109 3721 1149 3758; x_wconf 92' lang='lat' dir='ltr'>sc.</span> <span class='ocrx_word' id='word_1_257' title='bbox 1163 3706 1302 3771; x_wconf 86' lang='lat' dir='ltr'>oppidum.</span> 
     </span>
     <span class='ocr_line' id='line_1_34' title="bbox 226 3779 1335 3856; baseline 0.008 -26"><span class='ocrx_word' id='word_1_258' title='bbox 226 3779 293 3848; x_wconf 84' lang='lat' dir='ltr'>peri.</span> <span class='ocrx_word' id='word_1_259' title='bbox 309 3779 574 3848; x_wconf 86' lang='lat' dir='ltr'>“strongly.&#39;&#39;—iis</span> <span class='ocrx_word' id='word_1_260' title='bbox 598 3820 603 3832; x_wconf 96' lang='lat'>.</span> <span class='ocrx_word' id='word_1_261' title='bbox 628 3819 634 3833; x_wconf 93' lang='lat'>.</span> <span class='ocrx_word' id='word_1_262' title='bbox 660 3820 666 3834; x_wconf 92' lang='lat'>.</span> <span class='ocrx_word' id='word_1_263' title='bbox 689 3787 750 3847; x_wconf 91' lang='lat' dir='ltr'>qui:</span> <span class='ocrx_word' id='word_1_264' title='bbox 851 3800 890 3846; x_wconf 82' lang='lat'>¹4·</span> <span class='ocrx_word' id='word_1_265' title='bbox 918 3786 1022 3850; x_wconf 78' lang='lat' dir='ltr'>saepsi:</span> <span class='ocrx_word' id='word_1_266' title='bbox 1054 3787 1154 3852; x_wconf 74' lang='lat' dir='ltr'>caepio,</span> <span class='ocrx_word' id='word_1_267' title='bbox 1178 3799 1204 3851; x_wconf 85' lang='lat'>4,</span> <span class='ocrx_word' id='word_1_268' title='bbox 1229 3791 1335 3856; x_wconf 80' lang='lat' dir='ltr'>aaepsi,</span> 
     </span>
     <span class='ocr_line' id='line_1_35' title="bbox 226 3856 1336 3934; baseline 0.006 -22"><span class='ocrx_word' id='word_1_269' title='bbox 226 3858 291 3912; x_wconf 83' lang='lat' dir='ltr'>with</span> <span class='ocrx_word' id='word_1_270' title='bbox 304 3856 484 3928; x_wconf 87' lang='lat' dir='ltr'>subjunctive,</span> <span class='ocrx_word' id='word_1_271' title='bbox 493 3858 559 3911; x_wconf 75' lang='lat' dir='ltr'>such</span> <span class='ocrx_word' id='word_1_272' title='bbox 572 3859 585 3930; x_wconf 93' lang='lat'>(</span> <span class='ocrx_word' id='word_1_273' title='bbox 586 3860 736 3930; x_wconf 77' lang='lat' dir='ltr'>people)as</span> <span class='ocrx_word' id='word_1_274' title='bbox 742 3879 752 3926; x_wconf 89' lang='lat'>,·</span> <span class='ocrx_word' id='word_1_275' title='bbox 804 3866 924 3931; x_wconf 81' lang='lat' dir='ltr'>saeptus,</span> <span class='ocrx_word' id='word_1_276' title='bbox 943 3865 1259 3931; x_wconf 67' lang='lat' dir='ltr'>surram-aggere:</span> <span class='ocrx_word' id='word_1_277' title='bbox 1282 3881 1336 3934; x_wconf 83' lang='lat' dir='ltr'>ag-</span> 
     </span>
    </p>
   </div>
   <div class='ocr_carea' id='block_1_7' title="bbox 0 0 1458 4300">
    <p class='ocr_par' dir='ltr' id='par_1_9' title="bbox 0 0 1458 4300">
     <span class='ocr_line' id='line_1_36' title="bbox 0 0 1458 4300; baseline 0 2"><span class='ocrx_word' id='word_1_278' title='bbox 0 0 1458 4300; x_wconf 95' lang='lat' dir='ltr'> </span> 
     </span>
    </p>
   </div>
  </div>
 </body>
</html>
