2920 4296
230 369 267 434 7²
554 355 668 414 suess
693 356 814 414 sarm
842 356 1007 412 aarum

228 538 381 618 quotiens
407 536 543 620 propius
568 545 780 602 accesserant
799 536 941 612 barbari,
959 547 1055 620 pater
1075 536 1290 600 cansistabat
1311 537 1345 600 in

227 641 290 717 via,
307 649 431 725 easque
447 649 546 706 armis
559 642 714 706 terrebat.
762 642 830 708 Sed
846 641 977 706 interim
994 662 1077 705 uxor
1088 661 1202 723 aegra,
1219 642 1345 704 mulier

227 765 370 827 magnae
400 745 614 822 lortitadinis,
639 751 707 809 ima
732 765 809 810 cum
835 753 975 829 captivis
1005 746 1078 810 aliis
1104 745 1147 809 ab
1177 745 1276 809 Indis
1307 745 1343 808 in

227 849 327 914 silvas
342 849 577 914 deducebatur.

649 1034 834 1101 LESSON
865 1035 907 1098 62

602 1209 685 1274 Lost
707 1211 742 1273 in
766 1210 818 1273 tlte
844 1210 957 1274 Woods

201 1381 215 1436 5
271 1367 398 1431 Multas
410 1364 532 1428 abhinc
548 1373 653 1428 annas
666 1365 801 1447 quidam
818 1385 901 1446 puer
913 1385 1035 1446 parvus
1049 1372 1154 1428 matre
1166 1367 1338 1428 insciente
1432 1351 1433 1356 ἵ

225 1469 259 1533 in
282 1469 399 1534 silvam
416 1470 500 1531 clam
517 1469 767 1552 proiectus,dii1
784 1468 830 1532 ibi
843 1475 955 1532 secum
972 1469 1034 1532 sub
1051 1468 1224 1531 arboribus
1241 1469 1333 1532 lusit

226 1574 302 1658 Qui,
320 1595 394 1637 curn
412 1573 477 1636 iam
494 1573 795 1654 advesperasceret,
812 1574 899 1636 viam
919 1580 1065 1654 reperire
1082 1581 1148 1635 nan
1165 1575 1276 1654 potuit
1292 1594 1335 1636 ac

225 1676 488 1742 breviintellaxit
500 1678 562 1740 sub
574 1677 667 1740 caela
679 1677 742 1740 sibi
753 1687 887 1740 noctem
899 1679 1066 1758 agendam
1082 1697 1165 1740 esse.
1208 1677 1335 1759 Itaque
1432 1715 1433 1740 1

225 1803 267 1846 ex
282 1783 369 1847 loliis
386 1784 506 1847 lectum
524 1782 612 1858 iacit,
630 1802 772 1865 cumque
789 1802 849 1864 per
864 1782 999 1845 arbores
1016 1782 1129 1845 liuram
1146 1782 1334 1864 stellasque

186 1908 216 1945 10
225 1886 426 1970 aliquamdisr
440 1886 654 1969 suspexisset,
665 1895 834 1969 postrema
849 1895 966 1950 somna
982 1886 1179 1969 gravissima
1190 1886 1331 1969 quievit.

227 1994 328 2056 Mane
351 1993 470 2055 iterum
491 1993 578 2054 viam
601 1991 750 2055 invenire
770 1992 896 2055 frastra
917 2000 1067 2067 cenatus,
1088 1992 1213 2055 famem
1235 1992 1332 2054 bacis
1432 2073 1433 2088 χ

225 2097 382 2160 sustinuit
388 2117 396 2174 ;
413 2104 480 2179 qua
494 2097 592 2159 moda
604 2103 750 2178 quinque
763 2096 833 2159 dias
844 2117 903 2178 per
916 2098 1016 2160 silvas
1028 2099 1159 2160 erravit.
1194 2096 1332 2159 Deinde

224 2209 325 2265 nocta
340 2203 455 2282 ignem
474 2200 716 2275 animadvertit,
734 2210 768 2263 et
783 2201 934 2264 celeriter
952 2209 1150 2282 pragressus
1165 2200 1198 2263 in
1214 2210 1329 2263 vicum

225 2305 385 2369 Indarum
402 2305 511 2369 subita
527 2304 687 2388 pervenit.
735 2291 901 2387 aquibus
913 2306 1052 2368 camiter
1063 2315 1231 2387 acceptus,
1245 2305 1331 2367 mul-

184 2424 213 2479 15
224 2417 275 2472 tas
291 2409 362 2472 dies
377 2409 422 2472 ibi
438 2417 585 2472 moratus
601 2419 660 2472 est.

269 2515 359 2576 Dum
381 2515 464 2577 haec
484 2514 580 2589 liunt,
603 2514 733 2595 legatus
755 2512 944 2596 pravinciae
966 2522 1033 2578 ana
1053 2535 1129 2578 cum
1150 2515 1330 2579 comitibus

225 2625 338 2701 paucis
349 2625 443 2700 pueri
458 2619 639 2699 quaerendi
652 2624 752 2682 causa
764 2617 798 2680 in
811 2619 937 2701 scapha
954 2620 1124 2701 profectus
1140 2630 1220 2695 erat,
1235 2621 1329 2702 oppi-

223 2723 333 2805 daque
362 2723 521 2785 Indarum
545 2723 688 2784 finitima
711 2721 823 2785 adibat
849 2724 970 2786 omnia.
1018 2724 1114 2806 Quae
1140 2731 1193 2786 res
1221 2733 1328 2805 pueri>

224 2827 322 2889 saluti
348 2826 430 2903 luit;
466 2845 542 2888 nam
571 2833 739 2907 postrema
766 2834 889 2909 reperti
915 2837 993 2890 sunt
1020 2828 1155 2910 quidam
1182 2827 1325 2904 barbari,

182 2940 280 3013 soqui
300 2931 537 2993 nantiaverunt
556 2930 667 3012 ipsum
688 2930 889 2994 incolumem
911 2951 985 2995 esse
1000 2932 1156 3014 viamque
1175 2932 1326 2994 ostenda-

268 3101 291 3135 ι.
318 3083 442 3148 propius:
463 3080 548 3135 absol.
562 3098 691 3151 compar,
704 3087 747 3135 too
858 3101 883 3146 9·
910 3085 1021 3136 stellas:
1068 3085 1158 3150 stella,
1199 3098 1249 3150 ae,
1289 3098 1324 3152 r,

223 3164 528 3217 nean-accesserant:
549 3162 751 3217 translateasif
796 3170 867 3218 star.

221 3261 239 3296 a
252 3243 599 3314 perfect-cansistabat:
620 3251 686 3296 note
699 3244 746 3296 the
843 3263 883 3296 ιο.
909 3247 1093 3311 suspexisset:
1135 3248 1262 3312 auspicia,
1298 3263 1323 3316 3,

222 3333 309 3388 tense,
328 3324 383 3378 and
402 3331 525 3379 contrast
550 3324 596 3378 the
622 3325 696 3381 force
718 3325 750 3379 ol
797 3330 914 3392 suspexi,
928 3329 1076 3392 suspectus,
1094 3327 1193 3386 walch,
1209 3326 1250 3379 lit.
1265 3328 1324 3380 look

222 3405 269 3460 the
281 3404 422 3475 imperfect
434 3408 620 3468 deducebatur,
633 3407 649 3459 l.
663 3421 688 3472 4.
798 3411 836 3476 up
853 3413 892 3459 at.
903 3410 1039 3460 -sornna
1057 3409 1235 3472 gravissimi:
1268 3407 1322 3462 abl.

169 3529 177 3545 .
265 3502 291 3552 5.
317 3488 431 3540 abhinc:
455 3485 488 3541 cf.
513 3505 541 3558 p.
569 3502 611 3558 52,
632 3486 648 3539 l.
673 3487 747 3541 6.-
797 3486 829 3541 ol
838 3504 961 3541 manner.

220 3570 368 3621 insciente:
406 3569 532 3634 insciens,
562 3569 653 3633 entis,
679 3567 746 3638 adj.:
843 3574 882 3620 ιε.
909 3573 966 3621 ras:
1007 3555 1179 3639 pr'oceeding.
1194 3574 1323 3636 -pueni

220 3648 261 3701 lit.
288 3654 336 3702 not
358 3647 507 3718 humanm
538 3647 668 3701 translate
698 3647 746 3701 the
797 3649 881 3700 saliti
890 3647 960 3701 tuit:
980 3648 1014 3703 cl.
1033 3651 1176 3715 oppidanis
1196 3688 1203 3701 .
1225 3688 1232 3702 .
1256 3688 1263 3702 .
1283 3667 1323 3704 aa·

221 3728 275 3782 abl.
293 3726 380 3782 absol.
399 3726 492 3796 lreely.
795 3729 850 3779 lati
862 3728 924 3793 fuit,
937 3745 965 3797 p.
980 3729 1022 3795 68,
1035 3728 1054 3781 l.
1071 3742 1095 3781 1.

266 3813 291 3859 6.
316 3805 468 3870 profectus:
503 3804 629 3874 slzpping
653 3821 744 3873 away.
840 3823 881 3858 ιο.
908 3809 1013 3872 ipsum:
1050 3807 1237 3862 lia—viam:
1275 3811 1320 3865 is.

222 3915 259 3927 -
267 3889 372 3938 secum:
391 3885 436 3937 ae.
450 3883 482 3952 by
493 3882 612 3954 himelf.
797 3884 844 3939 the
856 3902 915 3956 way
927 3895 956 3941 to
968 3888 1049 3943 reach
1062 3887 1128 3943 him.
