2920 4296
459 279 573 337 nass
598 278 719 336 Larus
747 278 911 338 manaa
1197 293 1236 361 77

130 461 225 527 silvis
250 460 425 527 ambulens
449 460 540 525 feres
566 479 668 542 saepe
689 460 818 524 occidit.
867 444 967 538 elim,
993 469 1069 524 cum
1096 480 1237 544 vespere

130 575 241 650 prime
259 567 483 652 domumnen
505 564 654 640 redisset,
672 571 780 639 vicini,
797 566 895 628 veriti
913 571 956 628 ne
979 585 1061 647 puer
1078 565 1121 629 ab
1144 563 1237 630 Indis

130 683 192 735 aut
218 673 298 735 ieris
320 680 411 734 esset
433 670 639 744 interiectus,
663 669 859 751 trequentes
888 676 1125 745 convenerunt,
1151 690 1238 733 com-

132 775 306 858 plurisque
329 775 399 838 dies
423 780 616 837 erreverunt
639 792 699 856 per
723 773 831 848 silves,
850 780 878 835 si
897 773 964 836 elle
981 775 1080 837 mode
1099 795 1176 838 eum
1191 775 1238 838 in-

104 887 247 957 svenire
263 889 416 961 possent;
441 887 498 960 qui
517 883 687 959 postreme
703 884 928 958 pervenerunt
946 877 989 940 ad
1010 899 1121 942 casam
1138 885 1238 942 remis

132 983 403 1066 caespitibusque
420 982 627 1045 aedificetam
644 987 664 1044 e
679 989 784 1064 puere
800 982 882 1065 ipse,
896 991 953 1065 qui
968 983 1113 1045 irestum
1129 985 1238 1046 carnis

133 1085 169 1148 in
185 1085 298 1165 ignem
315 1084 490 1166 porrigens
507 1083 599 1145 humi
617 1083 688 1146 sine
704 1081 823 1145 timere
841 1083 932 1145 selus
951 1083 1098 1146 sedebat.
1150 1084 1238 1146 Nam

133 1189 222 1254 evie
238 1198 304 1252 nen
326 1196 511 1266 erreverat;
536 1188 596 1251 sed
616 1188 768 1250 censulte
790 1194 826 1250 se
848 1188 980 1270 longius
1001 1187 1187 1250 contulerat
1203 1189 1238 1251 in

133 1295 245 1369 silves,
268 1293 356 1377 quod
382 1292 497 1375 procul
521 1292 563 1356 ab
588 1291 721 1374 oppidis
746 1292 819 1355 sine
844 1291 1020 1355 comitibus
1044 1292 1144 1354 etiam
1167 1299 1238 1355 tum

92 1431 124 1467 ιο
135 1399 277 1463 libenter
291 1397 473 1461 habitebat.

180 1504 297 1566 Paucis
325 1513 401 1584 post
430 1509 526 1565 annis
550 1511 646 1584 pater
672 1502 778 1564 multa
801 1501 890 1564 milia
918 1520 1078 1583 passuum
1101 1500 1143 1564 ad
1167 1500 1240 1564 loca

134 1608 318 1691 longinqua
341 1607 512 1672 censtituit
532 1607 566 1668 in
586 1606 686 1670 silves
710 1605 883 1686 emigrare,
909 1605 998 1687 quod
1021 1605 1086 1687 ipsi
1108 1624 1241 1687 quoque

135 1713 235 1776 urbes
251 1712 442 1796 oppidaque
455 1711 590 1774 minime
603 1717 699 1794 greta
710 1719 813 1774 erant.
863 1709 957 1793 Ques
969 1708 1011 1771 ad
1024 1710 1120 1772 sedes
1136 1715 1240 1772 noves

135 1818 192 1881 ubi
209 1827 405 1899 perventum
425 1826 485 1892 est,
508 1835 601 1898 puer,
619 1834 692 1878 cum
715 1824 810 1896 pater
827 1814 1014 1894 fratresque
1035 1812 1170 1876 arbores
1189 1817 1249 1876 ex·-

95 1922 283 1997 15ciderent
314 1929 479 2003 agresque
513 1919 555 1982 ad
588 1926 682 1982 satirs
715 1918 928 1999 accipiendes
962 1923 1127 1998 parerent,
1160 1915 1240 1979 feris

136 2025 320 2096 interiectis
344 2044 478 2088 carnem
495 2031 513 2086 e
529 2023 612 2086 silve
635 2022 755 2086 cotidie
778 2023 912 2084 domurn
938 2020 1137 2102 reportebat.
1188 2020 1240 2082 ln-

136 2131 266 2193 terdum
294 2137 395 2192 nocte
424 2148 556 2211 quoque
582 2135 723 2190 venetus
749 2146 823 2189 esse
851 2126 988 2188 dicitur:
1012 2131 1078 2207 que
1106 2123 1239 2207 quidem

136 2245 286 2316 tempore
312 2233 442 2296 facibus
468 2232 661 2295 erdentibus
689 2238 738 2293 riti
761 2231 907 2306 solebat;
932 2228 1058 2292 lumina
1081 2229 1179 2304 enim,
1204 2236 1241 2291 ut
1273 2282 1274 2285 ,

137 2358 236 2420 saepe
253 2337 295 2401 ab
315 2336 578 2417 expiereteribus
596 2334 793 2410 audivimus,
807 2334 849 2396 ad
865 2335 955 2397 feres
972 2340 990 2396 e
1005 2332 1142 2396 latebris
1158 2332 1242 2395 elici·

97 2471 129 2506 20
137 2444 241 2506 endes
258 2450 380 2523 magne
397 2448 471 2504 risui
488 2450 574 2504 sunt.

198 2635 222 2669 a.
250 2621 298 2669 ne:
319 2615 353 2669 cf.
373 2616 419 2669 the
440 2624 504 2670 note
523 2632 561 2669 on
577 2631 603 2685 p.
620 2614 663 2682 61,
716 2613 807 2668 would
837 2631 885 2683 say
911 2615 966 2666 “in
998 2612 1045 2666 the
1075 2612 1242 2667 woods.”—

137 2697 154 2751 1.
167 2697 193 2751 6.
716 2697 785 2761 ipsi:
805 2694 881 2758 him5
900 2702 1027 2748 construe
1040 2692 1104 2746 with
1117 2697 1205 2760 grets.

199 2795 223 2843 5.
250 2783 333 2832 remis
352 2780 586 2844 caespitibusque:
607 2778 662 2832 abl.
762 2793 801 2840 1³·
828 2779 911 2841 ques:
930 2774 993 2827 this.

139 2860 170 2914 of
178 2878 273 2914 means
286 2859 350 2912 with
364 2860 553 2924 aedificetam3
576 2867 665 2912 trans·
762 2872 800 2920 ¹⁵·
826 2860 918 2908 uates:
939 2859 1025 2922 satus,
1043 2860 1095 2923 -es,
1111 2871 1155 2922 na,
1168 2861 1241 2927 crop.

138 2941 190 2994 late
206 2941 319 3013 (freely)
336 2939 412 2993 “oi''
762 2945 801 2990 16.
828 2940 999 3003 reportebat:
1021 2945 1087 2991 note
1100 2937 1146 2990 the
1156 2946 1241 2990 tense.

200 3038 225 3086 7.
251 3023 310 3074 aine
339 3023 451 3074 timere:
488 3023 533 3073 tle.
563 3037 664 3101 uncoq-
761 3036 801 3082 17.
827 3020 959 3070 venetus:
1005 3026 1070 3071 note
1103 3018 1151 3070 the
1181 3034 1243 3071 oese

139 3104 251 3166 ccrned;
271 3100 305 3154 ci.
321 3104 412 3154 timae.
718 3100 789 3172 (and
818 3099 878 3153 that
908 3100 1007 3151 dicitur
1037 3098 1060 3152 is
1087 3097 1241 3167 personal).

199 3190 224 3235 8.
251 3184 373 3248 longius:
387 3182 512 3236 absolute
525 3197 665 3250 compara·
715 3184 810 3247 —que
825 3221 830 3232 .
848 3220 854 3233 .
871 3183 1027 3246 ‚tempore2
1048 3180 1093 3232 ie.
1108 3186 1136 3231 at
1149 3178 1241 3248 night3

141 3264 203 3318 tive.
716 3261 850 3332 ireely‚on
863 3261 928 3315 such
940 3263 1083 3314 occasions.
1111 3261 1142 3312 In
1156 3267 1244 3312 trans·

200 3363 224 3408 9·
251 3347 421 3398 etiamtum:
440 3345 485 3397 ie.
506 3341 666 3397 evenwhen
717 3342 812 3412 lating,
826 3343 936 3407 quidem
949 3339 1058 3410 maybe
1071 3339 1195 3394 omitted.

142 3444 172 3481 so
190 3443 291 3497 young.
764 3430 803 3475 18.
830 3421 957 3475 facibus:
997 3421 1053 3486 iax,
1091 3420 1168 3485 facis,
1205 3433 1243 3487 r,

103 3502 106 3507 ’
185 3525 225 3559 ιο.
251 3509 367 3560 libenter
384 3507 544 3558 habitibat:
567 3504 612 3558 ia.
634 3504 668 3558 he
717 3503 812 3570 torch3
830 3501 873 3557 sor
892 3510 1001 3573 syntax,
1020 3500 1054 3555 cs.
1074 3504 1135 3568 que,
1154 3518 1181 3571 p.
1201 3512 1217 3566 7

141 3587 199 3642 ltad
207 3605 226 3640 a
237 3587 383 3657 liking-for
394 3587 490 3656 living.
717 3584 733 3637 l.
747 3597 773 3637 2.
782 3586 871 3636 -utz
891 3600 932 3636 as.

185 3687 225 3720 ιι.
252 3673 344 3734 pater:
364 3669 486 3721 sceius.
762 3683 802 3728 ις.
828 3667 878 3717 ab:
890 3665 984 3735 from.

187 3768 227 3801 12.
253 3751 282 3801 in
300 3751 402 3801 silves:
422 3764 487 3811 acc,
507 3745 624 3801 because
637 3745 669 3800 ol
761 3761 800 3796 20.
826 3746 1009 3808 magnetisui:
1030 3740 1064 3796 cf.
1075 3740 1123 3796 the
1131 3749 1197 3795 note
1207 3757 1242 3794 on

143 3830 188 3886 the
200 3829 266 3884 verb
276 3828 307 3884 of
313 3828 417 3884 motion
432 3828 591 3901 (emigrem)
604 3845 611 3894 3
625 3844 665 3884 we
716 3826 858 3894 praesidie,
870 3841 899 3898 p.
913 3823 957 3896 65,
969 3821 987 3876 1.
999 3836 1025 3890 4.
