2824 4292
204 225 247 292 30
530 209 644 269 Fursr
670 210 792 268 mom
819 212 984 270 eunom

205 388 351 472 logotum
362 396 481 474 parire
493 397 530 454 so
539 389 657 456 iterum
669 391 703 455 in
713 392 897 456 custodiam
910 393 1000 470 dare,
1010 393 1095 458 clam
1109 401 1223 458 nocto
1238 394 1340 477 frigit

205 513 246 558 ex
263 495 397 577 oppido,
415 515 477 560 nec
495 503 629 578 postero
645 495 699 559 dio
714 497 757 560 ab
773 495 913 561 inimicis
929 508 998 562 suis
1014 497 1159 562 inveniri
1178 501 1319 582 potuit

249 598 369 664 Coloni
383 599 509 664 sellicet
529 600 678 683 undique
700 600 842 665 libenter
865 609 1103 679 convonorunt
1129 613 1169 668 ut
1194 604 1334 668 ducem

205 707 318 766 corum
342 702 554 778 adiuvorent;
585 705 680 786 isque
707 704 772 768 iam
798 713 929 771 monsos
953 707 1084 780 multos.
1109 708 1218 772 modo
1247 729 1333 771 cum
1395 754 1396 759 η

181 807 300 878 sindis
316 808 415 872 modo
431 827 506 872 cum
523 809 641 890 logoto,
656 809 796 874 solicitet
811 810 934 874 bellum
960 813 1073 894 gessit.
1112 805 1223 888 olim,
1246 833 1333 876 cum
1395 800 1396 813 ¹

205 911 373 976 obsidoret
396 911 522 989 urbem,
540 914 627 996 quod
651 923 723 978 erat
746 923 847 996 caput
871 915 1071 997 provinciae,
1093 913 1333 998 ballistisque

206 1017 330 1079 circum
343 1024 456 1081 moros
472 1017 634 1082 collocore
649 1019 759 1094 vellet,
776 1025 895 1082 uxores
912 1018 1119 1082 inimicorum
1133 1026 1153 1082 o
1165 1021 1332 1100 praediis
1393 1099 1394 1108 ἵ

207 1119 365 1203 proximis
380 1121 541 1185 doductas
558 1130 636 1185 ante
652 1121 773 1185 militos
790 1130 868 1186 suos
884 1122 1036 1205 posuisse
1052 1123 1182 1198 dicitur,
1197 1133 1240 1186 ut
1251 1125 1332 1187 sine

208 1226 356 1309 periculo
372 1233 505 1288 suorum
523 1245 609 1306 opus
626 1227 848 1307 perficeretur.

637 1475 822 1541 LESSON
855 1476 897 1538 26

481 1654 668 1720 Natlzaniel
685 1654 795 1718 Bacon
817 1653 1043 1738 (Concluded)

171 1831 202 1869 ro
257 1810 414 1894 Logotus
443 1830 518 1873 cum
546 1817 585 1873 eo
612 1809 645 1873 in
673 1809 754 1873 urbe
781 1811 903 1873 multos
931 1811 1001 1874 dios
1029 1811 1186 1874 obsessus
1214 1823 1322 1888 esset,

210 1923 379 1998 postromo
403 1935 478 1978 cum
503 1914 679 1978 comitibus
703 1913 856 1977 omnibus
879 1921 973 1977 novis
998 1915 1202 1991 conscendit,
1228 1936 1322 1998 quae

209 2021 245 2082 in
270 2019 407 2083 flomine
438 2020 626 2101 propinquo
653 2020 694 2080 ad
726 2038 881 2080 ancoram
909 2018 1145 2094 consistebant,
1174 2039 1214 2082 ac
1245 2019 1320 2082 sine

211 2131 303 2187 moro
320 2113 492 2206 proiectus
508 2133 568 2199 est,
586 2133 622 2185 ut
638 2122 794 2184 auxilium
811 2131 947 2203 peteret.
1001 2121 1079 2204 Quo
1095 2123 1195 2197 lacto,
1215 2123 1319 2199 Beco,

212 2233 268 2310 qui
292 2227 456 2291 sentiebat
474 2228 620 2309 logotum
643 2248 717 2289 mox
736 2246 812 2289 cum
831 2228 928 2289 sociis
947 2246 1021 2289 esse
1043 2226 1237 2301 redimitum,
1265 2247 1319 2290 ur-

173 2330 288 2404 15bem
315 2330 426 2395 statim
453 2331 620 2406 incendit;
652 2330 724 2413 ipse
750 2341 872 2405 autem,
897 2330 1064 2393 laboribus
1092 2329 1318 2413 periculisque
1393 2329 1396 2403 ᾗ

211 2436 348 2510 frictus,
365 2435 465 2518 paulo
481 2446 556 2518 post
573 2447 721 2499 mortuus
738 2445 797 2498 est.

256 2540 343 2603 Tum
360 2538 431 2603 eius
452 2542 597 2617 comitos
615 2561 690 2604 cum
706 2540 940 2621 intellegerent
961 2538 1108 2622 logotum
1130 2538 1237 2602 solore
1258 2539 1319 2601 ini-

214 2651 316 2708 micos
332 2654 432 2707 etiam
449 2653 596 2707 mortuos
613 2645 821 2708 contumeliis
838 2643 978 2718 afficere,
996 2663 1119 2725 corpus
1138 2642 1233 2706 ducis
1247 2650 1317 2705 cori
1391 2622 1394 2640 Χ

214 2749 362 2812 tulorunt
376 2748 419 2810 ad
435 2748 560 2811 flomen
581 2747 663 2811 etin
688 2769 808 2831 aquam
825 2755 1030 2823 mersorunt;
1055 2754 1158 2829 quoro
1174 2748 1312 2829 logotus,
1393 2757 1394 2820 l

172 2873 289 2918 cocum
305 2852 447 2915 redisset
469 2853 511 2914 ad
528 2851 643 2915 urbem
662 2860 851 2933 amicosque
875 2852 1016 2914 Boconis
1038 2852 1159 2914 multos
1179 2851 1313 2914 interfo-

214 2956 323 3034 cisset,
339 2956 444 3039 ipsius
459 2956 588 3020 iuvenis
603 2977 723 3038 corpus
739 2955 886 3019 invenire
903 2963 969 3018 non
987 2955 1103 3038 potuit.
1128 2961 1133 2972 '

265 3116 289 3153 ι.
316 3101 447 3153 inveniri:
468 3107 533 3153 note
555 3097 603 3152 the
621 3098 674 3152 last
690 3099 740 3152 let·
836 3115 876 3150 10.
902 3099 1019 3166 logitua,
1047 3112 1124 3151 cum:
1155 3096 1191 3151 cl.
1214 3099 1314 3166 nostes,

213 3188 257 3236 ter
267 3180 300 3235 ol
306 3181 355 3236 the
367 3182 451 3236 word.
789 3193 858 3245 cum,
871 3196 897 3249 p.
914 3193 956 3247 20,
969 3179 987 3232 l.
1005 3191 1045 3246 17.

257 3281 283 3326 4.
309 3265 387 3315 morlo
411 3302 417 3314 .
442 3303 448 3315 .
473 3302 479 3315 .
500 3265 594 3317 modo:
625 3267 657 3314 at
691 3277 741 3315 one
837 3275 876 3324 ¹7·
903 3275 963 3313 cum
981 3261 1187 3325 intellegerent:
1213 3257 1247 3312 ci.
1266 3259 1314 3314 the

213 3345 279 3398 tim
298 3381 306 3396 .
328 3382 335 3397 .
358 3343 550 3398 saranomer.
792 3348 857 3395 note
875 3357 912 3393 on
932 3358 959 3411 p.
975 3355 1014 3406 14,
1030 3340 1048 3393 l.
1066 3341 1241 3393 8.-solore:
1277 3340 1311 3394 cf.

258 3432 283 3477 o.
310 3427 396 3491 quod:
449 3424 567 3488 relative,
612 3423 743 3494 agreeing
792 3423 924 3488 solobent,
937 3438 965 3490 p.
980 3435 1004 3487 7,
1017 3421 1036 3473 l.
1051 3435 1077 3486 4.

215 3504 279 3560 with
293 3505 340 3560 the
352 3503 491 3576 predicate
505 3521 587 3558 noun.
838 3508 878 3554 18.
905 3504 1039 3554 mortuos:
1061 3500 1171 3573 (when)
1186 3501 1263 3554 dead.

259 3594 284 3638 8.
310 3589 423 3639 dicitur:
443 3584 514 3654 cip.
528 3599 552 3654 ς,
566 3583 584 3636 l.
603 3597 641 3650 17,
652 3591 726 3637 note.
838 3600 878 3646 19.
907 3586 1071 3635 mersorunt:
1087 3584 1187 3648 mergo,
1196 3595 1221 3648 3,
1229 3587 1314 3649 mersi,

259 3685 284 3731 9.
305 3670 427 3720 suorum:
461 3670 490 3720 to
524 3664 579 3737 (lit.
615 3662 667 3736 os)
699 3662 742 3716 his
793 3677 904 3728 mersus,
917 3662 994 3730 bury,
1007 3661 1048 3714 lit.
1062 3662 1134 3714 sink.

215 3765 287 3802 mn.
837 3757 879 3793 zo.
907 3744 1022 3794 multos:
1042 3757 1128 3809 many
1144 3740 1220 3811 (of).
