2920 4296
465 288 580 346 arasa
605 287 728 345 nanu
754 285 919 345 ananan
1205 305 1244 370 91

142 490 241 554 quam
258 471 430 534 celerrime
445 477 564 551 cogere
580 471 699 551 coepit.
745 470 912 531 Tecumsa
928 466 1069 541 interim,
1087 476 1124 530 ut
1139 455 1246 532 omnis

143 577 247 638 Indos
270 576 312 638 ad
336 594 428 637 arma
451 581 594 649 vocaret,
612 574 756 655 reliquas
779 579 898 653 gentes
914 571 1091 652 diligenter
1106 569 1172 634 iam
1189 574 1261 634 cir-.

141 679 298 743 cumibat.

567 846 751 911 nasson
783 846 825 926 76

338 1031 368 1096 A
394 1032 589 1115 Dangerous
614 1029 807 1113 Conspiracy
828 1027 1050 1115 (Continuat)

188 1196 384 1278 Priusquam
407 1202 465 1256 rex
489 1194 593 1256 lndus
617 1214 693 1282 cum
717 1195 815 1256 sociis
838 1193 945 1258 redire
966 1194 1083 1276 potuit,
1103 1195 1244 1275 legatus,

118 1301 204 1381 5sibi
235 1299 364 1363 initium
395 1298 474 1361 belli
503 1318 577 1361 esse
608 1297 800 1360 laciendum
831 1308 931 1374 ratus,
957 1296 1095 1360 consilio
1125 1297 1245 1360 callido

143 1411 223 1467 risus
253 1413 324 1480 est;
357 1423 433 1465 nam
461 1423 500 1464 ex
524 1401 604 1464 urbe
635 1401 678 1464 ad
710 1422 858 1483 pugnam
890 1402 1071 1484 proiectus
1096 1401 1245 1482 legiones

115 1521 119 1530 '
143 1507 278 1570 flumine
301 1509 441 1570 adverso
465 1526 572 1588 pauca
595 1507 685 1568 milia
704 1526 863 1588 passuum
880 1505 982 1582 duxit,
1000 1515 1070 1569 tum
1086 1506 1195 1570 subito
1210 1507 1245 1569 in

143 1619 248 1694 ripam
265 1611 394 1675 transiit
410 1611 558 1673 alteram.
607 1610 748 1674 Putabat
764 1611 851 1674 enim
864 1610 914 1694 (id
930 1610 1019 1694 quod
1036 1611 1162 1674 iactum
1179 1611 1246 1696 est)

142 1715 301 1779 barbaros
323 1715 460 1779 insidias
484 1715 702 1778 collocaturos
719 1723 759 1779 ei
775 1717 808 1778 in
825 1723 905 1798 ripa,
924 1715 956 1778 in
979 1723 1044 1798 qua
1061 1722 1167 1797 primo
1183 1714 1245 1778 iter

102 1822 253 1883 rosacere
270 1820 342 1901 ipse
358 1819 532 1901 coepisset.
580 1820 693 1902 Copiis
716 1821 818 1902 igitur
841 1821 964 1884 flumen
986 1819 1154 1895 traductis,
1172 1819 1245 1882 sine

143 1925 341 1987 detrimento
365 1925 433 1986 ullo
457 1924 628 1988 contendit
643 1924 685 1987 ad
701 1926 873 2006 oppidum,
890 1923 947 1988 ubi
964 1922 1166 1987 domicilium
1183 1924 1247 1987 Te·

142 2050 257 2092 cumsa
274 2029 425 2092 habebat.

187 2134 272 2199 Cum
296 2134 425 2215 legatus
456 2136 593 2216 propius
616 2134 820 2210 accessisset,
845 2136 933 2216 regis
956 2135 1070 2212 frater,
1095 2143 1244 2218 quitum

143 2240 268 2320 oppido
298 2250 459 2320 praeerat,
485 2240 638 2300 mintium
670 2238 767 2314 misit,
793 2248 849 2320 qui
880 2240 1003 2302 diceret
1034 2247 1168 2322 postero
1191 2239 1245 2302 die

102 2361 132 2414 ις
145 2344 247 2405 indos
260 2344 472 2406 condiciones
484 2344 575 2423 pacis
587 2350 758 2424 petituros.
802 2343 921 2424 Itaque
936 2343 1128 2406 Americani
1141 2363 1245 2425 prope

143 2449 303 2529 oppidum
327 2454 511 2529 posuerunt
534 2458 652 2522 castra,
677 2454 843 2528 armisque
868 2448 1030 2528 expeditis
1062 2455 1097 2510 se
1128 2455 1246 2510 somno

143 2551 316 2614 dederunt.
363 2549 411 2614 At
440 2551 553 2632 vigilia
584 2553 713 2614 circiter
743 2558 861 2633 quarta
892 2551 1002 2615 subito
1032 2553 1164 2615 auditus
1195 2560 1246 2614 est

143 2656 289 2717 ululatus
322 2656 491 2730 Indorum,
523 2665 580 2737 qui
610 2657 756 2737 undique
787 2666 896 2717 castra
934 2655 998 2717 iam
1026 2655 1244 2730 obsidebant3

144 2768 209 2843 quo
232 2766 315 2822 sono
338 2759 380 2822 ad
404 2767 500 2822 aures
525 2760 644 2834 adlato,
672 2761 790 2821 milites
815 2767 833 2820 ἐ
856 2767 973 2822 somno
996 2760 1130 2822 excitati
1158 2761 1245 2841 ignis

205 2948 228 2998 5.
253 2935 378 2987 initium:
393 2935 511 3000 initium,
524 2938 554 3000 -i,
571 2948 610 3000 ru,
628 2935 668 2986 be·
719 2936 818 2986 flumen
854 2935 941 2986 ductis
991 2933 1041 3005 (cf.
1079 2937 1156 2987 tradi
1204 2932 1247 2986 ior

138 3017 267 3084 ginning.
307 3015 368 3068 The
384 3015 473 3068 whole
489 3014 587 3082 phrase
606 3031 668 3084 may
719 3015 855 3083 trinodi).

143 3094 178 3149 be
199 3094 334 3148 rendered
356 3095 448 3164 sreely,
460 3095 592 3163 thinking
607 3095 669 3148 tlzat
765 3114 803 3148 ιι.
829 3097 1008 3148 domicilium:
1032 3097 1205 3162 domicilium,
1217 3099 1246 3163 -i‚

143 3175 176 3228 lte
195 3176 277 3243 ougltt
295 3183 323 3228 ta
341 3177 404 3228 take
424 3175 468 3227 tlte
486 3178 625 3228 r'nittatiae
636 3178 668 3228 in
718 3190 756 3243 N,
769 3177 912 3230 residente.

144 3256 188 3309 tlra
199 3274 280 3321 war,·
301 3256 338 3308 lit.
352 3256 442 3309 what?
535 3325 538 3330 Ι
766 3273 804 3320 ι4.
832 3260 969 3323 praeerat:
995 3254 1030 3311 cf.
1051 3272 1078 3326 p.
1099 3255 1140 3325 58,
1162 3255 1181 3308 l.
1206 3270 1246 3324 12,

206 3345 230 3389 8.
257 3339 285 3390 id
310 3341 379 3404 quod
410 3338 594 3392 factumest:
637 3357 670 3390 as
720 3338 775 3391 and
788 3337 835 3391 the
849 3347 922 3392 note.

144 3419 264 3488 actually
272 3421 385 3489 proved
401 3422 469 3473 tabe
486 3420 608 3486 tltecase,
626 3420 667 3472 lit.
767 3436 806 3484 17.
833 3422 929 3485 vigilii
950 3458 956 3472 .
978 3457 1011 3470 ..
1053 3420 1164 3484 quirti:
1198 3418 1244 3469 ia.

143 3501 188 3554 tlte
212 3501 293 3570 tln'ng
312 3501 401 3555 wlu'clr
436 3501 583 3572 (actually)
604 3501 670 3570 ltapr
721 3500 824 3554 toward
844 3501 979 3570 morning,
999 3499 1046 3552 the
1065 3499 1144 3568 night
1162 3497 1248 3568 being

139 3582 240 3653 praed.
721 3581 833 3635 divided
846 3582 905 3637 into
917 3583 978 3636 four
990 3581 1069 3651 equal
1082 3578 1210 3633 watches.

206 3681 231 3727 9.
258 3669 304 3716 ea:
343 3663 495 3734 modifying
520 3664 670 3731 ripa-in
767 3681 805 3727 19.
834 3666 885 3730 quo
906 3666 970 3716 sono
989 3665 1023 3715 ad
1042 3665 1119 3714 aures
1141 3662 1246 3713 adlitit:

142 3747 210 3808 quat
231 3747 305 3811 upon
319 3746 366 3814 (or
376 3744 471 3814 along)
486 3744 582 3798 which.
721 3744 754 3797 ci.
790 3762 816 3813 p.
851 3758 892 3811 73,
925 3743 944 3796 l.
984 3743 1164 3807 11.—ignis:
1202 3739 1248 3793 tlte

190 3839 230 3875 ιο.
256 3824 355 3874 ttamen
367 3825 513 3875 traductis:
534 3825 578 3877 ia.
592 3827 668 3877 trans
722 3822 830 3896 (camp)
842 3825 924 3893 stres.
