2920 4296
444 325 560 382 FIRST
585 324 707 382 LATIN
733 321 898 380 READER
1160 339 1219 403 133

116 521 197 586 tum,
212 511 389 592 disperiti
401 508 517 582 salute,
532 507 574 569 ad
588 514 690 568 unum
707 513 824 568 omnes
841 513 876 568 se
893 479 958 587 ipsi
970 505 1218 567 interfecerunt.
1233 553 1235 556 .

118 617 226 690 Pauci,
245 621 302 698 qui
314 612 414 696 paulo
427 622 503 675 ante
517 619 535 674 e
549 612 674 692 proelio
686 610 888 691 effugerant,
903 629 961 692 per
974 609 1073 672 silvis
1086 609 1219 671 incertis

116 718 288 782 itineribus
301 718 343 780 ad
360 719 399 781 T.
416 716 602 779 Labienum
616 715 762 796 legatum
780 713 813 776 in
831 712 970 776 hiberna
986 719 1218 794 pervenerunt,

117 833 217 905 atque
233 841 310 884 eum
326 821 369 884 de
385 821 484 884 rebus
500 825 604 900 gestis
622 820 775 882 lecerunt
790 817 975 881 certiorem.

538 1069 721 1135 LESSON
758 1071 816 1132 108

339 1240 405 1302 Tre
431 1239 536 1302 Gauls
559 1237 670 1302 attock
692 1261 713 1300 o
738 1237 867 1300 Second
892 1235 991 1318 Comp

91 1402 105 1457 5
162 1397 237 1458 Hic
256 1394 393 1459 victoria
415 1393 574 1469 sublatus,
594 1392 769 1456 Ambiorix
790 1390 901 1454 statim
921 1410 996 1454 cum
1019 1391 1168 1473 equitatu
1185 1393 1219 1454 in

117 1501 324 1574 Aduatucos,
348 1508 405 1581 qui
432 1507 527 1561 erant
553 1498 625 1560 eius
652 1504 757 1577 regno
784 1495 927 1586 finitimi,
952 1495 1125 1575 proiectus
1149 1507 1218 1573 est3

115 1623 225 1686 neque
256 1612 387 1665 noctem
419 1621 528 1684 neque
559 1601 647 1664 diem
681 1601 866 1676 intermisit,
899 1598 1152 1682 peditatumque
1184 1607 1220 1663 se

115 1709 211 1773 iussit
227 1707 392 1790 subsequi.

161 1814 212 1876 Re
231 1813 459 1875 demonstrati
478 1811 732 1893 Aduatucisque
753 1809 935 1885 concitetis,
955 1817 1090 1892 postero
1111 1810 1164 1872 die
1185 1809 1219 1872 in
1305 1825 1307 1829 ·

76 1943 107 1979 ro
117 1917 259 1980 Nervios
276 1915 436 1998 pervenit,
453 1924 578 1999 eosque
595 1916 746 1979 hortaitus
763 1924 823 1989 est,
841 1923 883 1977 ne
899 1923 951 1977 sui
968 1916 1002 1976 in
1020 1923 1218 1996 perpetuum

116 2021 278 2084 liberandi
293 2020 501 2084 occisionem
519 2021 732 2084 dimitterent.
782 2020 982 2083 Interfectos
1000 2041 1073 2083 esse
1090 2021 1218 2102 legitos

116 2124 181 2188 duo
194 2125 364 2187 Romanos
377 2145 599 2207 magnamque
610 2136 738 2206 partem
750 2125 914 2188 exercitiis
925 2123 1076 2188 interisse
1087 2125 1198 2190 docuit
1210 2146 1217 2201 ;

115 2228 339 2310 facillimeque
352 2229 496 2312 opprimi
508 2249 607 2311 posse
623 2248 696 2292 eam
710 2241 842 2310 quoque
855 2227 1031 2309 legionem,
1045 2249 1129 2310 quae
1142 2229 1216 2292 c'urn

117 2332 156 2414 Q.
187 2332 348 2397 Cicerone
378 2334 413 2395 in
444 2334 570 2397 finibus
600 2340 715 2396 eorum
748 2332 918 2395 hiemaret.
966 2331 1043 2413 Qua
1069 2333 1218 2397 oratione

77 2437 214 2509 r5facile
239 2437 371 2500 Nerviis
396 2437 569 2519 persuasit.

162 2590 184 2624 r.
212 2575 369 2639 disperiti:
402 2576 519 2640 despero,
550 2588 572 2637 1,
599 2573 644 2626 de·
692 2573 950 2629 oratorem-re:
970 2574 1038 2629 omit
1057 2574 1086 2627 in
1105 2575 1219 2628 transla-

114 2654 196 2722 spair
211 2653 331 2722 ‹if—se
350 2654 419 2720 ipsi:
441 2653 474 2708 cf.
497 2655 555 2720 ipse
576 2695 581 2706 .
605 2695 610 2705 .
634 2693 640 2706 .
693 2653 761 2707 tion.

115 2737 152 2800 se,
165 2750 192 2801 p.
207 2734 232 2799 8,
247 2732 265 2785 l.
280 2748 307 2785 2.
346 2733 408 2787 The
427 2751 491 2787 men
509 2734 643 2804 probably
753 2753 777 2798 9·
802 2738 951 2790 concititis:
966 2739 1218 2808 concito,1,stirup.

114 2830 164 2866 ran
177 2831 250 2882 upon
263 2831 316 2868 one
329 2815 468 2868 another's
481 2815 593 2869 swords.
738 2836 776 2870 ro.
803 2822 861 2871 snI:
875 2835 941 2888 gen.
956 2818 993 2887 pl.

159 2912 183 2958 ³·
210 2897 245 2947 ad
276 2897 309 2947 Τ.
336 2897 499 2948 Labienum:
526 2896 554 2949 in
579 2914 643 2951 con·
738 2918 777 2951 11.
803 2901 949 2951 liberandi:
977 2899 1134 2969 gemndive,
1160 2899 1219 2952 tak-

115 2975 226 3030 nection
236 2975 300 3028 with
310 2977 340 3027 in
349 2979 469 3044 hiberna,
478 2977 533 3031 this
543 2978 642 3048 phrase
691 2980 739 3050 ing
751 2979 786 3033 its
800 2978 868 3033 form
883 2978 952 3033 from
965 2983 1016 3030 sui.
1047 2979 1159 3033 Render
1171 2981 1219 3034 the

114 3073 176 3126 may
186 3056 379 3128 conveniently
388 3057 423 3112 be
435 3058 569 3114 rendered
580 3060 643 3130 bya
690 3078 754 3132 gen.
772 3059 883 3132 (sreely)
899 3061 980 3112 “to''

113 3136 245 3207 genitive.
279 3139 643 3195 FortheloeationofLabi-
737 3159 776 3204 13·
803 3141 1001 3206 facillimeque:
1021 3157 1051 3193 as
1064 3141 1218 3212 governing

115 3219 191 3271 enus'
201 3234 288 3288 camp,
298 3237 344 3273 see
357 3220 405 3275 the
418 3239 481 3291 map
490 3239 565 3290 onp.
582 3236 640 3287 124.
690 3222 757 3276 verb
771 3222 813 3275 for
831 3219 885 3273 this
905 3220 1003 3287 clause,
1017 3223 1089 3274 dixit
1107 3239 1170 3292 may
1183 3222 1218 3276 be
1276 3235 1281 3242 “

158 3316 183 3362 4.
211 3304 311 3364 gestis:
339 3300 379 3354 lit.
401 3303 487 3368 elom
511 3303 642 3356 translate
690 3302 824 3372 supplied.

116 3377 206 3449 freely,
226 3380 307 3452 using
326 3399 342 3435 a
360 3383 471 3436 relative
489 3382 590 3437 clause.
737 3401 776 3448 14.
803 3386 833 3452 Q.
865 3385 1003 3438 cicerone:
1036 3384 1153 3438 another
1183 3384 1216 3438 ol

159 3474 183 3523 5.
210 3464 349 3515 subtritus:
381 3463 450 3519 from
468 3465 640 3517 tollii—in:
691 3466 815 3518 Caesar's
824 3464 990 3518 lieutenants
1002 3464 1062 3533 (see
1073 3464 1119 3518 the
1128 3467 1217 3533 map).

114 3541 173 3592 into
184 3541 228 3595 the
239 3545 420 3616 terriloryof.
689 3549 837 3598 -ei'trum
869 3546 913 3598 ie.
941 3546 1218 3598 Nerviorum—hie·

157 3628 182 3674 ⁶.
207 3626 383 3678 Aiuetucos:
424 3624 466 3680 for
497 3625 553 3679 this
587 3624 643 3678 and
691 3630 792 3678 mirei:
813 3625 855 3680 lor
866 3625 959 3693 mood,
970 3625 1004 3680 cf.
1016 3628 1217 3694 admoveantur,

115 3703 195 3758 other
204 3705 316 3776 peoples
326 3706 495 3774 mentioned,
505 3724 552 3760 see
561 3706 642 3776 again
690 3723 718 3776 p.
732 3706 775 3773 61,
788 3707 806 3760 l.
824 3704 867 3773 14.

115 3785 163 3838 the
176 3803 240 3855 map
251 3803 289 3840 on
302 3803 329 3856 p.
347 3801 405 3852 1²4·
657 3812 661 3820 ·
737 3802 776 3851 ις.
803 3790 910 3841 Nerviis
952 3790 1104 3855 persuasit:
1154 3806 1217 3842 won

160 3883 184 3931 7.
212 3867 378 3922 intermisit:
401 3882 574 3936 socorsum,
594 3869 640 3922 ie.
690 3867 813 3923 werthe
823 3869 946 3935 Nervii}
964 3868 1007 3923 lit.
1021 3869 1113 3924 what?
