2824 4292
410 348 524 405 rmsr
550 347 672 406 mnne
698 348 863 404 READER
1140 366 1186 438 ,3³

55 529 164 592 Galli
192 537 358 606 commoti,
384 550 458 593 cum
484 530 569 592 hanc
593 530 763 611 regionem
788 529 952 593 dimittere
979 530 1115 605 nollent,
1137 550 1185 593 ca·

57 633 175 696 stella
193 635 367 717 complura
382 633 427 697 ibi
444 634 624 716 ponebant,
642 654 728 715 quae
746 635 925 697 Britannos
937 641 1097 697 arcerent.

508 910 690 975 nasson
724 928 766 991 29

424 1078 454 1140 Α
482 1078 677 1160 Dangerous
699 1078 844 1142 Mission

118 1233 339 1315 Quamquam
363 1239 440 1313 spes
464 1231 555 1313 pacis
578 1233 643 1294 iam
668 1245 777 1313 paene
801 1232 932 1296 sublata
954 1244 1034 1310 erat,
1056 1235 1185 1315 legatus

69 1336 253 1417 Virginiae
276 1335 448 1399 constituit
470 1345 584 1399 tamen
607 1337 762 1399 mintium
786 1338 928 1413 mittere,
944 1344 974 1400 si
996 1338 1064 1400 ullo
1087 1338 1186 1400 modo

45 1448 129 1519 5re'2s
159 1441 232 1503 sine
260 1440 347 1503 bello
377 1447 535 1521 componi
565 1450 712 1522 possent.
764 1441 883 1522 Itaque
909 1441 1084 1522 Vasingto,
1114 1442 1186 1504 sine

75 1551 173 1608 mora
189 1544 338 1608 delectus
351 1552 408 1626 qui
420 1545 507 1607 hanc
525 1565 595 1608 rem
612 1544 779 1608 difficilem
795 1552 962 1621 tractaret,
978 1555 1092 1627 paucis
1109 1566 1184 1609 cum

76 1648 257 1713 comitibus
273 1669 333 1731 per
350 1649 449 1711 silvas
466 1650 597 1712 fortiter
613 1650 785 1731 proiectus
801 1659 870 1727 est;
896 1669 1038 1731 cumque
1055 1657 1184 1713 montes

78 1773 215 1836 quoque
238 1761 423 1828 transisset,
450 1753 543 1816 Indis
567 1753 765 1836 quibusdam
792 1754 835 1816 ad
858 1753 1034 1817 concilium
1056 1760 1185 1816 vocatis

79 1859 246 1940 persuasit
262 1868 298 1921 ut
315 1858 356 1921 ad
373 1859 543 1922 Gallorum
561 1869 669 1921 castra
685 1866 722 1921 se
738 1868 966 1940 sequerentur.

38 1998 72 2033 10
126 1963 203 2046 Quo
227 1963 282 2026 ubi
307 1972 502 2046 perventum
527 1973 587 2038 est,
608 1963 696 2026 Galli
720 1963 872 2026 nuntium
890 1963 1027 2025 comiter
1050 1969 1186 2043 accepe-

82 2078 168 2144 runt,
185 2069 431 2150 responderunt
453 2078 565 2131 tamen
589 2075 625 2130 se
649 2087 831 2149 numquam
856 2067 920 2130 nisi
942 2066 1029 2130 bello
1052 2074 1184 2130 coactos

83 2193 124 2236 ex
139 2172 200 2236 illis
213 2172 338 2236 finibus
354 2171 570 2235 discessurus.
618 2171 733 2254 Quare
750 2173 923 2253 Vasingto‚
940 2179 998 2254 qui
1013 2172 1183 2235 Gallorum

86 2279 196 2358 copias
222 2277 383 2340 maximas
410 2283 540 2340 summa
567 2277 788 2339 sollicitudine
816 2276 1105 2351 animadverterat,
1133 2275 1186 2337 do

87 2402 174 2443 mum
198 2381 310 2444 statim
334 2388 513 2463 properare
537 2381 665 2462 coepit;
694 2400 769 2445 cum
794 2386 874 2441 vero
897 2379 939 2441 ad
959 2386 1089 2442 montes
1115 2398 1187 2461 per·
1252 2397 1258 2400 ·

49 2495 219 2568 15ventum
247 2495 345 2561 esset,
370 2486 618 2567 impedimentis
645 2484 777 2559 relictis,
807 2489 874 2544 imo
901 2502 975 2545 cum
1004 2482 1125 2546 comite
1152 2491 1187 2545 et

90 2590 169 2654 duce
186 2590 271 2653 Indo
287 2591 386 2654 etiam
403 2590 544 2652 celerius
560 2597 758 2671 progressus
774 2597 835 2650 est.

122 2696 193 2760 ,Via
215 2694 340 2758 sellicet
362 2704 434 2758 erat
457 2693 531 2776 ipsa
555 2693 742 2775 periculosa
763 2691 857 2773 (nam
875 2692 981 2754 hiems
997 2693 1063 2754 iam
1079 2689 1186 2774 erat):

93 2798 224 2862 alterum
246 2809 358 2861 autem
376 2798 443 2861 fuit
460 2797 643 2879 periculum
662 2797 768 2859 maius
779 2817 787 2872 ;
819 2797 945 2859 colonis
970 2796 1060 2859 enim
1079 2795 1185 2857 inimi-

94 2923 147 2966 cus
161 2913 230 2966 erat
241 2902 317 2965 dux.
365 2901 433 2984 Qui
448 2902 536 2976 olim,
551 2921 627 2964 cum
643 2901 945 2982 advesperasceret,
959 2901 1063 2962 telum
1079 2899 1188 2961 subito

137 3087 157 3122 r.
180 3083 260 3122 cum.
277 3108 283 3120 .
300 3107 306 3119 .
321 3070 441 3120 nollent:
480 3065 610 3120 translate
664 3117 666 3122 ,
707 3082 746 3116 ιι.
773 3066 837 3116 nisi:
865 3062 1042 3134 introducing
1054 3063 1101 3116 the
1120 3069 1188 3132 part.

96 3148 311 3222 byaparticipiar
323 3149 431 3219 phrase.
661 3149 773 3199 cointe.

139 3250 159 3282 2.
180 3228 331 3298 ponebant:
353 3230 471 3285 notethe
488 3237 610 3283 tense-
708 3245 747 3290 13.
774 3227 880 3291 copias:
900 3231 995 3292 stores,
1008 3242 1040 3279 or
1055 3224 1187 3295 supplies.

99 3315 221 3366 arcerent:
242 3319 306 3365 note
319 3311 366 3364 the
380 3311 472 3365 mood.
662 3307 903 3360 -sollicitirdiner
935 3306 1098 3372 sollicitudo,
1116 3306 1192 3371 duis,

138 3411 160 3458 4.
182 3396 221 3445 ri:
242 3393 303 3464 (rs)
310 3391 472 3463 perchance.
663 3389 838 3457 r.,unxiety.

140 3489 161 3538 5.
182 3477 319 3540 componi:
346 3476 481 3540 compono,
505 3489 530 3541 3,
555 3486 614 3538 -ρο-
710 3487 750 3532 14·
776 3471 855 3521 vero:
875 3467 942 3522 and.

103 3559 146 3622 sul,
157 3556 276 3621 -positur,
287 3554 371 3608 settle.
711 3556 751 3602 16.
777 3551 857 3603 duce:
873 3548 967 3619 guida.

141 3643 163 3689 ⁶.
184 3639 328 3689 tractiret:
349 3643 415 3689 note
428 3635 476 3688 the
488 3633 582 3687 mood.
712 3638 752 3683 18.
778 3632 909 3682 alterum:
924 3628 1058 3692 anathem
1071 3633 1193 3680 contrast

141 3725 162 3770 8.
184 3719 274 3770 Indis:
301 3715 335 3771 cf.
350 3715 397 3769 the
416 3724 481 3769 note
500 3731 537 3768 on
557 3729 616 3779 per·
666 3713 714 3766 the
738 3727 898 3766 commoner
922 3706 1051 3778 meaning
1072 3705 1104 3760 of
1124 3708 1195 3758 alter

106 3801 207 3864 suadere,
233 3809 266 3866 ·p.
295 3811 337 3865 23,
362 3795 379 3849 l.
414 3799 614 3866 9.-vocatis:
667 3810 705 3846 on
718 3811 743 3861 p.
761 3790 835 3860 34⁹¹·
853 3790 1046 3843 r.—col‹'>nir:
1067 3795 1195 3841 construe

107 3876 349 3934 modifieroflndia.
667 3873 733 3926 with
745 3873 882 3924 inimicus.
