2824 4292
430 321 544 379 FIRST
569 321 690 380 LATIN
717 321 881 380 READER
1165 319 1203 405 65

104 503 312 568 occidentem
325 504 522 585 navigantes
538 502 705 566 interdum
721 504 897 581 videbant;
921 514 1002 580 tum,
1020 511 1040 567 ὅ
1055 505 1204 587 portibus

104 607 274 671 liburnicis
290 606 462 671 celerrime
471 613 568 682 vecti,
583 607 750 670 onerarias
763 607 951 688 capiebant,
965 615 994 671 si
1009 628 1096 691 quae
1107 609 1203 685 forte,

103 712 228 774 tardius
259 719 467 793 progressae,
494 709 670 774 intervallo
700 710 823 774 maiore
850 711 1075 794 sequebantur
1102 719 1205 776 naves

104 815 231 897 longas,
243 835 329 898 quae
339 821 387 878 eis
396 814 562 897 praesidio
572 814 693 878 missae
705 825 808 878 erant.
857 815 898 878 Id
910 816 1062 877 Britanni
1072 815 1128 878 diu
1139 837 1205 880 mo

78 919 358 996 slestEtuleranu
376 939 518 1002 cumque
530 919 638 982 insula
655 918 775 1000 Longa
787 917 852 981 iam
868 926 939 981 tota
951 919 1089 983 subacta
1104 928 1203 995 esset,

103 1030 146 1086 ne
169 1031 286 1105 postea
308 1044 467 1106 umquam
489 1023 600 1090 coloni
620 1022 656 1086 in
679 1030 781 1086 naves
804 1029 883 1087 suas
906 1024 1068 1105 impetum
1090 1024 1204 1088 facere

103 1127 273 1203 auderent,
292 1129 426 1191 Novum
444 1126 646 1190 Londinium
660 1126 771 1190 delere
788 1127 1041 1189 constituerunt.

148 1230 266 1313 Itaque
282 1214 324 1294 ab
336 1231 445 1293 insula
456 1237 557 1294 noctis
575 1229 728 1310 profecti,
742 1229 865 1292 fretum
882 1229 968 1291 clam
984 1228 1202 1304 transierunt;

103 1334 162 1397 sed
177 1344 287 1398 ventis
301 1335 449 1397 adversis
464 1334 615 1415 impediti
631 1342 763 1414 portum
785 1335 852 1394 non
876 1339 1055 1414 potuerunt
1069 1332 1202 1408 intrare,

63 1459 94 1494 ιο
103 1438 209 1501 donec
225 1439 296 1502 dies
312 1448 446 1520 postera
458 1437 573 1501 illuxit.
620 1436 707 1499 Tum
719 1435 871 1500 celeriter
883 1442 902 1498 e
913 1435 1058 1499 castellis
1070 1444 1204 1517 signum

103 1541 228 1605 colonis
244 1543 360 1604 datum
375 1551 426 1604 est
443 1542 556 1605 hostes
578 1541 705 1616 adesse,
722 1551 756 1603 et
774 1538 941 1620 agricolae
962 1546 1081 1601 armati
1100 1539 1204 1602 omni·

102 1645 165 1709 bus
181 1666 221 1709 ex
241 1647 392 1729 partibus
414 1647 449 1709 in
472 1645 633 1728 oppidum
656 1650 893 1708 convenerunt.
942 1643 1018 1727 Qui,
1036 1663 1112 1706 cum
1138 1643 1206 1706 Bri·

102 1759 197 1813 tanni
212 1759 230 1814 e
246 1751 386 1814 navibus
403 1757 530 1832 egressi
545 1758 667 1824 essent,
685 1749 728 1811 ad
744 1748 821 1811 litus
832 1767 949 1810 versus
964 1748 1117 1810 fecerunt
1133 1746 1204 1822 iter,

103 1862 272 1937 minisque
299 1856 503 1936 interpositis
530 1854 596 1916 tela
623 1852 767 1934 plurima
793 1851 827 1914 in
855 1851 969 1915 hostes
996 1852 1203 1914 inmiserunt.

64 1969 92 2023 ι5
104 1958 153 2021 At
169 1960 328 2034 Britanni,
342 1967 400 2041 qui
415 1965 553 2022 numero
573 1966 670 2020 erant
685 1956 791 2018 multo
810 1954 1007 2036 superiores,
1025 1974 1101 2017 mox
1120 1952 1206 2017 inni-

105 2070 225 2144 perunt
240 2063 274 2125 in
290 2062 450 2145 oppidum
464 2072 562 2144 atque
578 2061 674 2142 ignes
691 2059 838 2142 undique
855 2057 992 2121 aedibus
1005 2058 1206 2140 templisque

105 2168 332 2230 admoverunt.
390 2167 467 2249 Quo
489 2173 571 2239 viso,
596 2165 714 2237 coloni,
739 2173 776 2226 ut
804 2169 922 2225 uxores
953 2162 1141 2244 liberosque
1170 2161 1205 2224 in

104 2270 178 2333 loca
191 2276 265 2333 tuta
281 2270 493 2343 deducerent,
510 2288 551 2331 ex
566 2268 692 2351 oppido
707 2267 741 2330 in
758 2273 859 2348 agros
875 2272 911 2328 se
926 2272 1134 2347 receperunt.

526 2476 710 2542 LESSON
745 2477 785 2556 56

295 2647 326 2710 T
321 2647 362 2710 lte
383 2645 462 2709 Fall
479 2645 521 2727 of
535 2645 621 2708 New
643 2645 780 2708 London
802 2641 1025 2728 (Continucd)

150 2805 257 2885 Prope
280 2800 440 2883 oppidum
463 2807 560 2863 erant
581 2809 690 2863 castra
713 2798 889 2881 quaedam,
906 2817 993 2880 quae
1014 2796 1209 2860 Americani

65 2907 271 2991 20praesidi6
286 2904 376 2966 haud
398 2911 522 2986 magno
539 2904 708 2967 tenebant.
757 2902 834 2984 Quo
857 2922 933 2964 cum
958 2901 1071 2964 hostes
1096 2909 1208 2984 perve-

150 3059 173 3094 r.
199 3041 377 3105 navigantis:
399 3037 633 3108 modisyingclas·
683 3038 739 3108 sor
755 3036 836 3101 them,
853 3035 894 3088 lit.
907 3035 963 3107 fhr
980 3053 998 3088 a
1012 3037 1163 3104 protection
1180 3040 1209 3088 to

106 3126 152 3188 sis,
169 3138 195 3190 p.
215 3121 257 3186 64,
276 3120 295 3173 l.
318 3120 559 3172 20.—interdum:
582 3127 631 3172 not
681 3117 763 3182 them,
791 3117 926 3182 praesidio
951 3114 1036 3184 being
1061 3131 1078 3168 a
1103 3115 1160 3168 dat.
1180 3113 1212 3168 of

104 3200 417 3253 interim-videbant:
438 3199 508 3252 used
514 3199 626 3269 tosigkt.
683 3196 891 3251 service-id:
930 3197 975 3249 tle.
1007 3194 1063 3249 this
1092 3193 1208 3265 preying

149 3298 174 3334 η.
199 3281 360 3346 capiebant:
407 3278 440 3334 cf.
480 3281 631 3347 rapiebant,
682 3294 756 3346 upon
769 3277 841 3332 their
852 3275 992 3347 shipping.

106 3379 132 3433 p.
146 3361 198 3430 7‚l.
219 3365 336 3429 17.-si
354 3375 440 3427 quae:
460 3360 493 3432 tf
503 3378 578 3430 any,-
597 3360 630 3414 ci.
744 3373 767 3422 5.
792 3362 920 3412 subacta:
958 3358 1062 3424 subigo,
1089 3371 1114 3426 3,
1145 3359 1209 3423 -egi,

106 3443 153 3498 the
167 3450 230 3496 note
242 3459 280 3496 on
293 3443 366 3508 quii,
379 3458 407 3512 p.
423 3440 466 3512 56,
478 3439 498 3494 l.
515 3455 540 3494 1.
682 3441 780 3506 -ictus,
789 3439 898 3492 subdue.

149 3541 175 3588 3.
200 3525 306 3578 tardius
332 3562 338 3575 .
367 3561 374 3575 .
403 3523 546 3576 maiore:
584 3521 633 3576 ab·
742 3525 766 3572 6.
791 3523 824 3571 ni
919 3531 1065 3584 umquam:
1096 3533 1126 3571 so
1147 3515 1210 3570 that

107 3604 195 3659 solute
213 3601 412 3674 comparatives
433 3601 481 3674 (cs.
500 3601 548 3657 the
567 3611 632 3657 note
683 3617 778 3655 never.

107 3682 630 3754 onp.13,l.11).-intervillo:cf.
744 3688 769 3732 8.
796 3679 912 3734 fretum:
933 3679 1032 3735 round.

106 3782 133 3835 p.
148 3778 190 3834 57,
202 3766 222 3818 l.
236 3779 262 3830 4.
729 3776 769 3825 ις.
795 3765 919 3813 numero:
939 3759 974 3815 cf.
989 3777 1017 3830 p.
1031 3773 1074 3824 44,
1086 3759 1103 3812 l.
1120 3773 1161 3828 ις.

151 3863 176 3909 4.
202 3849 243 3897 eia
262 3847 414 3912 praesidio:
433 3861 467 3898 as
488 3861 527 3897 an
548 3847 629 3897 escort
729 3847 770 3894 16.
796 3841 889 3906 ignes:
909 3838 1168 3908 translateassing.
