<?xml version="1.0" encoding="UTF-8"?>
<!DOCTYPE html PUBLIC "-//W3C//DTD XHTML 1.0 Transitional//EN"
    "http://www.w3.org/TR/xhtml1/DTD/xhtml1-transitional.dtd">
<html xmlns="http://www.w3.org/1999/xhtml" xml:lang="en" lang="en">
 <head>
  <title>
</title>
<meta http-equiv="Content-Type" content="text/html;charset=utf-8" />
  <meta name='ocr-system' content='tesseract 3.04.00' />
  <meta name='ocr-capabilities' content='ocr_page ocr_carea ocr_par ocr_line ocrx_word'/>
</head>
<body>
  <div class='ocr_page' id='page_1' title='image "./afirstlatinread01nuttgoog_0091.png"; bbox 0 0 2920 4296; ppageno 0'>
   <div class='ocr_carea' id='block_1_1' title="bbox 532 232 984 294">
    <p class='ocr_par' dir='ltr' id='par_1_1' title="bbox 532 232 984 294">
     <span class='ocr_line' id='line_1_1' title="bbox 532 232 984 294; baseline -0.009 0"><span class='ocrx_word' id='word_1_1' title='bbox 532 233 645 294; x_wconf 70' lang='lat' dir='ltr'><strong>misi</strong></span> <span class='ocrx_word' id='word_1_2' title='bbox 670 233 793 292; x_wconf 87' lang='lat' dir='ltr'>LATIN</span> <span class='ocrx_word' id='word_1_3' title='bbox 819 232 984 291; x_wconf 84' lang='lat' dir='ltr'>READER</span> 
     </span>
    </p>
   </div>
   <div class='ocr_carea' id='block_1_2' title="bbox 628 470 888 538">
    <p class='ocr_par' dir='ltr' id='par_1_2' title="bbox 628 470 888 538">
     <span class='ocr_line' id='line_1_2' title="bbox 628 470 888 538; baseline 0 -2"><span class='ocrx_word' id='word_1_4' title='bbox 628 470 813 538; x_wconf 89' lang='lat' dir='ltr'>LESSON</span> <span class='ocrx_word' id='word_1_5' title='bbox 844 471 888 536; x_wconf 90' lang='lat'><strong>66</strong></span> 
     </span>
    </p>
   </div>
   <div class='ocr_carea' id='block_1_3' title="bbox 531 654 993 740">
    <p class='ocr_par' dir='ltr' id='par_1_3' title="bbox 531 654 993 740">
     <span class='ocr_line' id='line_1_3' title="bbox 531 654 993 740; baseline -0.009 -17"><span class='ocrx_word' id='word_1_6' title='bbox 531 656 597 723; x_wconf 68' lang='lat' dir='ltr'><strong>The</strong></span> <span class='ocrx_word' id='word_1_7' title='bbox 617 657 702 722; x_wconf 85' lang='lat' dir='ltr'><strong>End</strong></span> <span class='ocrx_word' id='word_1_8' title='bbox 719 657 760 740; x_wconf 87' lang='lat' dir='ltr'><strong>os</strong></span> <span class='ocrx_word' id='word_1_9' title='bbox 777 656 829 720; x_wconf 79' lang='lat' dir='ltr'><strong>the</strong></span> <span class='ocrx_word' id='word_1_10' title='bbox 849 654 993 740; x_wconf 84' lang='lat' dir='ltr'><strong>Pequots</strong></span> 
     </span>
    </p>
   </div>
   <div class='ocr_carea' id='block_1_4' title="bbox 207 787 1432 1024">
    <p class='ocr_par' dir='ltr' id='par_1_4' title="bbox 207 787 1432 1024">
     <span class='ocr_line' id='line_1_4' title="bbox 250 787 1432 908; baseline -0.006 -20"><span class='ocrx_word' id='word_1_11' title='bbox 250 821 353 888; x_wconf 58' lang='lat' dir='ltr'><strong>Natio</strong></span> <span class='ocrx_word' id='word_1_12' title='bbox 377 820 537 887; x_wconf 70' lang='lat' dir='ltr'><strong>Indorum</strong></span> <span class='ocrx_word' id='word_1_13' title='bbox 560 787 798 893; x_wconf 77' lang='lat' dir='ltr'><strong>crudelissima,</strong></span> <span class='ocrx_word' id='word_1_14' title='bbox 814 837 901 900; x_wconf 91' lang='lat' dir='ltr'><strong>quae</strong></span> <span class='ocrx_word' id='word_1_15' title='bbox 921 817 1012 882; x_wconf 88' lang='lat' dir='ltr'><strong>haud</strong></span> <span class='ocrx_word' id='word_1_16' title='bbox 1033 818 1188 901; x_wconf 70' lang='lat' dir='ltr'><strong>proculi</strong></span> <span class='ocrx_word' id='word_1_17' title='bbox 1211 818 1320 882; x_wconf 79' lang='lat' dir='ltr'><strong>Novo</strong></span> <span class='ocrx_word' id='word_1_18' title='bbox 1431 899 1432 908; x_wconf 8' lang='grc' dir='ltr'>ἵ</span> 
     </span>
     <span class='ocr_line' id='line_1_5' title="bbox 207 922 1432 1024; baseline -0.007 -32"><span class='ocrx_word' id='word_1_19' title='bbox 207 925 375 992; x_wconf 80' lang='lat' dir='ltr'><strong>Londinio</strong></span> <span class='ocrx_word' id='word_1_20' title='bbox 391 923 571 999; x_wconf 69' lang='lat' dir='ltr'><strong>habitfibat</strong></span> <span class='ocrx_word' id='word_1_21' title='bbox 587 922 756 1006; x_wconf 88' lang='lat' dir='ltr'><strong>quondam</strong></span> <span class='ocrx_word' id='word_1_22' title='bbox 774 922 912 986; x_wconf 65' lang='lat' dir='ltr'><strong>insidiis</strong></span> <span class='ocrx_word' id='word_1_23' title='bbox 932 923 1095 986; x_wconf 73' lang='lat' dir='ltr'><strong>collocire</strong></span> <span class='ocrx_word' id='word_1_24' title='bbox 1113 942 1152 986; x_wconf 88' lang='lat' dir='ltr'><strong>ac</strong></span> <span class='ocrx_word' id='word_1_25' title='bbox 1171 923 1318 986; x_wconf 77' lang='lat' dir='ltr'><strong>colonos</strong></span> <span class='ocrx_word' id='word_1_26' title='bbox 1431 947 1432 1024; x_wconf 14' lang='lat' dir='ltr'><strong>p</strong></span> 
     </span>
    </p>
   </div>
   <div class='ocr_carea' id='block_1_5' title="bbox 205 1025 1432 1114">
    <p class='ocr_par' dir='ltr' id='par_1_5' title="bbox 205 1025 1432 1114">
     <span class='ocr_line' id='line_1_6' title="bbox 205 1025 1432 1114; baseline -0.007 -19"><span class='ocrx_word' id='word_1_27' title='bbox 205 1031 355 1114; x_wconf 76' lang='lat' dir='ltr'><strong>singulos</strong></span> <span class='ocrx_word' id='word_1_28' title='bbox 379 1029 526 1111; x_wconf 92' lang='lat' dir='ltr'><strong>undique</strong></span> <span class='ocrx_word' id='word_1_29' title='bbox 549 1027 735 1090; x_wconf 88' lang='lat' dir='ltr'><strong>interficere</strong></span> <span class='ocrx_word' id='word_1_30' title='bbox 758 1025 869 1090; x_wconf 80' lang='lat' dir='ltr'><strong>subito</strong></span> <span class='ocrx_word' id='word_1_31' title='bbox 892 1025 1011 1108; x_wconf 88' lang='lat' dir='ltr'><strong>coepit.</strong></span> <span class='ocrx_word' id='word_1_32' title='bbox 1057 1025 1189 1110; x_wconf 86' lang='lat' dir='ltr'><strong>Quibus</strong></span> <span class='ocrx_word' id='word_1_33' title='bbox 1209 1027 1318 1088; x_wconf 75' lang='lat' dir='ltr'><strong>rebus</strong></span> <span class='ocrx_word' id='word_1_34' title='bbox 1431 1077 1432 1080; x_wconf 59' lang='grc'>,</span> 
     </span>
    </p>
   </div>
   <div class='ocr_carea' id='block_1_6' title="bbox 163 1129 1317 2881">
    <p class='ocr_par' dir='ltr' id='par_1_6' title="bbox 182 1129 1317 1321">
     <span class='ocr_line' id='line_1_7' title="bbox 205 1129 1317 1214; baseline -0.005 -15"><span class='ocrx_word' id='word_1_35' title='bbox 205 1135 374 1208; x_wconf 59' lang='lat' dir='ltr'><strong>nuntiatis,</strong></span> <span class='ocrx_word' id='word_1_36' title='bbox 388 1139 407 1196; x_wconf 78' lang='grc' dir='ltr'><strong>ἐ</strong></span> <span class='ocrx_word' id='word_1_37' title='bbox 419 1130 589 1214; x_wconf 73' lang='lat' dir='ltr'><strong>provincii</strong></span> <span class='ocrx_word' id='word_1_38' title='bbox 606 1131 754 1213; x_wconf 70' lang='lat' dir='ltr'><strong>proximi</strong></span> <span class='ocrx_word' id='word_1_39' title='bbox 770 1149 888 1193; x_wconf 89' lang='lat' dir='ltr'><strong>manus</strong></span> <span class='ocrx_word' id='word_1_40' title='bbox 900 1129 1020 1210; x_wconf 86' lang='lat' dir='ltr'><strong>exigua</strong></span> <span class='ocrx_word' id='word_1_41' title='bbox 1033 1129 1134 1192; x_wconf 89' lang='lat' dir='ltr'><strong>missa</strong></span> <span class='ocrx_word' id='word_1_42' title='bbox 1145 1138 1207 1206; x_wconf 88' lang='lat' dir='ltr'><strong>est,</strong></span> <span class='ocrx_word' id='word_1_43' title='bbox 1222 1150 1317 1212; x_wconf 92' lang='lat' dir='ltr'><strong>quae</strong></span> 
     </span>
     <span class='ocr_line' id='line_1_8' title="bbox 182 1234 1317 1321; baseline -0.004 -18"><span class='ocrx_word' id='word_1_44' title='bbox 182 1239 359 1321; x_wconf 78' lang='lat' dir='ltr'><strong>sagricolis</strong></span> <span class='ocrx_word' id='word_1_45' title='bbox 381 1237 503 1301; x_wconf 80' lang='lat' dir='ltr'><strong>auxilio</strong></span> <span class='ocrx_word' id='word_1_46' title='bbox 525 1243 615 1299; x_wconf 89' lang='lat' dir='ltr'><strong>esset</strong></span> <span class='ocrx_word' id='word_1_47' title='bbox 637 1241 830 1317; x_wconf 65' lang='lat' dir='ltr'><strong>poenisque</strong></span> <span class='ocrx_word' id='word_1_48' title='bbox 853 1234 895 1298; x_wconf 89' lang='lat' dir='ltr'><strong>ab</strong></span> <span class='ocrx_word' id='word_1_49' title='bbox 919 1234 1012 1297; x_wconf 85' lang='lat' dir='ltr'><strong>Indis</strong></span> <span class='ocrx_word' id='word_1_50' title='bbox 1035 1243 1212 1316; x_wconf 83' lang='lat' dir='ltr'><strong>repeteret.</strong></span> <span class='ocrx_word' id='word_1_51' title='bbox 1260 1235 1317 1298; x_wconf 91' lang='lat' dir='ltr'><strong>At</strong></span> 
     </span>
    </p>

    <p class='ocr_par' dir='ltr' id='par_1_7' title="bbox 205 1336 1314 1425">
     <span class='ocr_line' id='line_1_9' title="bbox 205 1336 1314 1425; baseline -0.005 -18"><span class='ocrx_word' id='word_1_52' title='bbox 205 1344 325 1407; x_wconf 76' lang='lat' dir='ltr'><strong>milites</strong></span> <span class='ocrx_word' id='word_1_53' title='bbox 348 1343 448 1425; x_wconf 71' lang='lat' dir='ltr'><strong>longe</strong></span> <span class='ocrx_word' id='word_1_54' title='bbox 471 1347 490 1404; x_wconf 76' lang='lat' dir='ltr'><strong>ri</strong></span> <span class='ocrx_word' id='word_1_55' title='bbox 514 1339 608 1402; x_wconf 89' lang='lat' dir='ltr'><strong>litore</strong></span> <span class='ocrx_word' id='word_1_56' title='bbox 632 1336 789 1420; x_wconf 82' lang='lat' dir='ltr'><strong>progredi</strong></span> <span class='ocrx_word' id='word_1_57' title='bbox 811 1345 877 1400; x_wconf 79' lang='lat' dir='ltr'><strong>non</strong></span> <span class='ocrx_word' id='word_1_58' title='bbox 902 1336 1088 1414; x_wconf 80' lang='lat' dir='ltr'><strong>audebant;</strong></span> <span class='ocrx_word' id='word_1_59' title='bbox 1116 1345 1173 1420; x_wconf 92' lang='lat' dir='ltr'><strong>qui</strong></span> <span class='ocrx_word' id='word_1_60' title='bbox 1195 1337 1314 1419; x_wconf 87' lang='lat' dir='ltr'><strong>igitur,</strong></span> 
     </span>
    </p>

    <p class='ocr_par' dir='ltr' id='par_1_8' title="bbox 206 1440 1315 1530">
     <span class='ocr_line' id='line_1_10' title="bbox 206 1440 1315 1530; baseline -0.005 -20"><span class='ocrx_word' id='word_1_61' title='bbox 206 1454 309 1530; x_wconf 81' lang='lat' dir='ltr'><strong>parvo</strong></span> <span class='ocrx_word' id='word_1_62' title='bbox 327 1448 486 1509; x_wconf 77' lang='lat' dir='ltr'><strong>frumenti</strong></span> <span class='ocrx_word' id='word_1_63' title='bbox 504 1449 644 1507; x_wconf 80' lang='lat' dir='ltr'><strong>numero</strong></span> <span class='ocrx_word' id='word_1_64' title='bbox 664 1441 793 1523; x_wconf 78' lang='lat' dir='ltr'><strong>direpto</strong></span> <span class='ocrx_word' id='word_1_65' title='bbox 813 1440 1102 1525; x_wconf 60' lang='lat' dir='ltr'><strong>tabernaculisque</strong></span> <span class='ocrx_word' id='word_1_66' title='bbox 1123 1453 1242 1523; x_wconf 80' lang='lat' dir='ltr'>paucis</span> <span class='ocrx_word' id='word_1_67' title='bbox 1263 1443 1315 1505; x_wconf 90' lang='lat' dir='ltr'><strong>in-</strong></span> 
     </span>
    </p>

    <p class='ocr_par' dir='ltr' id='par_1_9' title="bbox 205 1546 1314 1629">
     <span class='ocr_line' id='line_1_11' title="bbox 205 1546 1314 1629; baseline -0.005 -14"><span class='ocrx_word' id='word_1_68' title='bbox 205 1559 322 1627; x_wconf 77' lang='lat' dir='ltr'><strong>censis,</strong></span> <span class='ocrx_word' id='word_1_69' title='bbox 337 1549 491 1614; x_wconf 77' lang='lat' dir='ltr'><strong>elinibus</strong></span> <span class='ocrx_word' id='word_1_70' title='bbox 507 1549 651 1612; x_wconf 90' lang='lat' dir='ltr'><strong>hostium</strong></span> <span class='ocrx_word' id='word_1_71' title='bbox 668 1547 761 1611; x_wconf 89' lang='lat' dir='ltr'><strong>brevi</strong></span> <span class='ocrx_word' id='word_1_72' title='bbox 776 1546 912 1610; x_wconf 90' lang='lat' dir='ltr'><strong>domum</strong></span> <span class='ocrx_word' id='word_1_73' title='bbox 929 1553 964 1609; x_wconf 74' lang='lat' dir='ltr'><strong>se</strong></span> <span class='ocrx_word' id='word_1_74' title='bbox 980 1554 1188 1629; x_wconf 75' lang='lat' dir='ltr'><strong>receperunt.</strong></span> <span class='ocrx_word' id='word_1_75' title='bbox 1232 1549 1314 1610; x_wconf 85' lang='lat' dir='ltr'><strong>Bar-</strong></span> 
     </span>
    </p>

    <p class='ocr_par' dir='ltr' id='par_1_10' title="bbox 166 1650 1313 1842">
     <span class='ocr_line' id='line_1_12' title="bbox 205 1650 1313 1736; baseline -0.001 -19"><span class='ocrx_word' id='word_1_76' title='bbox 205 1654 277 1717; x_wconf 90' lang='lat' dir='ltr'><strong>bari</strong></span> <span class='ocrx_word' id='word_1_77' title='bbox 291 1662 379 1731; x_wconf 75' lang='lat' dir='ltr'><strong>vero,</strong></span> <span class='ocrx_word' id='word_1_78' title='bbox 396 1655 459 1718; x_wconf 68' lang='lat' dir='ltr'><strong>hic</strong></span> <span class='ocrx_word' id='word_1_79' title='bbox 477 1653 596 1718; x_wconf 62' lang='lat' dir='ltr'><strong>iniuria</strong></span> <span class='ocrx_word' id='word_1_80' title='bbox 618 1652 764 1736; x_wconf 87' lang='lat' dir='ltr'><strong>graviter</strong></span> <span class='ocrx_word' id='word_1_81' title='bbox 781 1660 932 1734; x_wconf 81' lang='lat' dir='ltr'><strong>permoti,</strong></span> <span class='ocrx_word' id='word_1_82' title='bbox 949 1650 1104 1715; x_wconf 89' lang='lat' dir='ltr'><strong>incendia</strong></span> <span class='ocrx_word' id='word_1_83' title='bbox 1125 1671 1163 1715; x_wconf 90' lang='lat' dir='ltr'><strong>ac</strong></span> <span class='ocrx_word' id='word_1_84' title='bbox 1186 1653 1313 1716; x_wconf 72' lang='lat' dir='ltr'><strong>caedes</strong></span> 
     </span>
     <span class='ocr_line' id='line_1_13' title="bbox 166 1757 957 1842; baseline 0.005 -26"><span class='ocrx_word' id='word_1_85' title='bbox 166 1759 351 1842; x_wconf 88' lang='lat' dir='ltr'><strong>roundique</strong></span> <span class='ocrx_word' id='word_1_86' title='bbox 366 1758 465 1822; x_wconf 85' lang='lat' dir='ltr'><strong>etiam</strong></span> <span class='ocrx_word' id='word_1_87' title='bbox 482 1758 647 1822; x_wconf 76' lang='lat' dir='ltr'><strong>crudelius</strong></span> <span class='ocrx_word' id='word_1_88' title='bbox 663 1757 727 1820; x_wconf 87' lang='lat' dir='ltr'><strong>iarn</strong></span> <span class='ocrx_word' id='word_1_89' title='bbox 745 1759 957 1820; x_wconf 79' lang='lat' dir='ltr'><strong>miscuerunt.</strong></span> 
     </span>
    </p>

    <p class='ocr_par' dir='ltr' id='par_1_11' title="bbox 205 1860 1313 2256">
     <span class='ocr_line' id='line_1_14' title="bbox 249 1860 1313 1944; baseline -0.001 -19"><span class='ocrx_word' id='word_1_90' title='bbox 249 1863 336 1926; x_wconf 86' lang='lat' dir='ltr'><strong>Tum</strong></span> <span class='ocrx_word' id='word_1_91' title='bbox 359 1862 503 1944; x_wconf 73' lang='lat' dir='ltr'><strong>denique</strong></span> <span class='ocrx_word' id='word_1_92' title='bbox 527 1868 545 1924; x_wconf 80' lang='grc' dir='ltr'><strong>ἐ</strong></span> <span class='ocrx_word' id='word_1_93' title='bbox 568 1861 737 1944; x_wconf 66' lang='lat' dir='ltr'><strong>provincii</strong></span> <span class='ocrx_word' id='word_1_94' title='bbox 762 1863 863 1924; x_wconf 88' lang='lat' dir='ltr'><strong>missa</strong></span> <span class='ocrx_word' id='word_1_95' title='bbox 883 1869 935 1924; x_wconf 89' lang='lat' dir='ltr'><strong>est</strong></span> <span class='ocrx_word' id='word_1_96' title='bbox 955 1860 1082 1936; x_wconf 90' lang='lat' dir='ltr'><strong>classis,</strong></span> <span class='ocrx_word' id='word_1_97' title='bbox 1098 1861 1193 1925; x_wconf 92' lang='lat' dir='ltr'><strong>cuius</strong></span> <span class='ocrx_word' id='word_1_98' title='bbox 1215 1881 1313 1943; x_wconf 90' lang='lat' dir='ltr'><strong>prae-</strong></span> 
     </span>
     <span class='ocr_line' id='line_1_15' title="bbox 205 1964 1310 2047; baseline -0.002 -17"><span class='ocrx_word' id='word_1_99' title='bbox 205 1967 314 2031; x_wconf 86' lang='lat' dir='ltr'><strong>fectus</strong></span> <span class='ocrx_word' id='word_1_100' title='bbox 330 1966 437 2030; x_wconf 90' lang='lat' dir='ltr'><strong>iussus</strong></span> <span class='ocrx_word' id='word_1_101' title='bbox 453 1974 526 2030; x_wconf 88' lang='lat' dir='ltr'><strong>erat</strong></span> <span class='ocrx_word' id='word_1_102' title='bbox 542 1966 661 2029; x_wconf 74' lang='lat' dir='ltr'><strong>milites</strong></span> <span class='ocrx_word' id='word_1_103' title='bbox 679 1974 846 2047; x_wconf 80' lang='lat' dir='ltr'><strong>exponere</strong></span> <span class='ocrx_word' id='word_1_104' title='bbox 861 1965 895 2028; x_wconf 91' lang='lat' dir='ltr'><strong>in</strong></span> <span class='ocrx_word' id='word_1_105' title='bbox 911 1964 1056 2047; x_wconf 74' lang='lat' dir='ltr'><strong>quodam</strong></span> <span class='ocrx_word' id='word_1_106' title='bbox 1073 1973 1170 2046; x_wconf 79' lang='lat' dir='ltr'><strong>portu</strong></span> <span class='ocrx_word' id='word_1_107' title='bbox 1191 1974 1310 2047; x_wconf 79' lang='lat' dir='ltr'><strong>parvo,</strong></span> 
     </span>
     <span class='ocr_line' id='line_1_16' title="bbox 206 2069 1311 2153; baseline -0.001 -20"><span class='ocrx_word' id='word_1_108' title='bbox 206 2079 263 2153; x_wconf 94' lang='lat' dir='ltr'><strong>qui</strong></span> <span class='ocrx_word' id='word_1_109' title='bbox 277 2069 366 2133; x_wconf 88' lang='lat' dir='ltr'><strong>haud</strong></span> <span class='ocrx_word' id='word_1_110' title='bbox 389 2069 490 2151; x_wconf 72' lang='lat' dir='ltr'><strong>longe</strong></span> <span class='ocrx_word' id='word_1_111' title='bbox 504 2076 524 2132; x_wconf 71' lang='lat' dir='ltr'><strong>i</strong></span> <span class='ocrx_word' id='word_1_112' title='bbox 540 2079 657 2134; x_wconf 91' lang='lat' dir='ltr'><strong>castris</strong></span> <span class='ocrx_word' id='word_1_113' title='bbox 675 2071 834 2133; x_wconf 79' lang='lat' dir='ltr'><strong>Indorum</strong></span> <span class='ocrx_word' id='word_1_114' title='bbox 854 2069 979 2134; x_wconf 87' lang='lat' dir='ltr'><strong>aberat.</strong></span> <span class='ocrx_word' id='word_1_115' title='bbox 1028 2069 1089 2133; x_wconf 91' lang='lat' dir='ltr'><strong>Ille</strong></span> <span class='ocrx_word' id='word_1_116' title='bbox 1112 2080 1233 2144; x_wconf 92' lang='lat' dir='ltr'><strong>autem,</strong></span> <span class='ocrx_word' id='word_1_117' title='bbox 1252 2071 1311 2132; x_wconf 82' lang='lat' dir='ltr'><strong>ho</strong></span> 
     </span>
     <span class='ocr_line' id='line_1_17' title="bbox 205 2173 1308 2256; baseline -0.001 -19"><span class='ocrx_word' id='word_1_118' title='bbox 205 2181 272 2238; x_wconf 76' lang='lat' dir='ltr'><strong>stes</strong></span> <span class='ocrx_word' id='word_1_119' title='bbox 288 2173 334 2236; x_wconf 90' lang='lat' dir='ltr'><strong>ita</strong></span> <span class='ocrx_word' id='word_1_120' title='bbox 349 2174 522 2237; x_wconf 79' lang='lat' dir='ltr'><strong>consilium</strong></span> <span class='ocrx_word' id='word_1_121' title='bbox 539 2195 634 2238; x_wconf 90' lang='lat' dir='ltr'><strong>suurn</strong></span> <span class='ocrx_word' id='word_1_122' title='bbox 654 2174 753 2238; x_wconf 86' lang='lat' dir='ltr'><strong>facile</strong></span> <span class='ocrx_word' id='word_1_123' title='bbox 775 2183 976 2256; x_wconf 78' lang='lat' dir='ltr'><strong>cognoscere</strong></span> <span class='ocrx_word' id='word_1_124' title='bbox 996 2194 1095 2256; x_wconf 91' lang='lat' dir='ltr'><strong>posse</strong></span> <span class='ocrx_word' id='word_1_125' title='bbox 1117 2174 1308 2250; x_wconf 58' lang='lat' dir='ltr'><strong>arbitratus,</strong></span> 
     </span>
    </p>

    <p class='ocr_par' dir='ltr' id='par_1_12' title="bbox 163 2277 1309 2881">
     <span class='ocr_line' id='line_1_18' title="bbox 166 2277 1308 2362; baseline -0.002 -18"><span class='ocrx_word' id='word_1_126' title='bbox 166 2290 194 2344; x_wconf 83' lang='grc' dir='ltr'><strong>ι5</strong></span> <span class='ocrx_word' id='word_1_127' title='bbox 206 2288 338 2359; x_wconf 90' lang='lat' dir='ltr'><strong>praeter</strong></span> <span class='ocrx_word' id='word_1_128' title='bbox 349 2277 441 2340; x_wconf 90' lang='lat' dir='ltr'><strong>illum</strong></span> <span class='ocrx_word' id='word_1_129' title='bbox 458 2289 589 2361; x_wconf 89' lang='lat' dir='ltr'><strong>portum</strong></span> <span class='ocrx_word' id='word_1_130' title='bbox 606 2279 784 2361; x_wconf 65' lang='lat' dir='ltr'><strong>nivigivit</strong></span> <span class='ocrx_word' id='word_1_131' title='bbox 798 2298 941 2362; x_wconf 89' lang='lat' dir='ltr'><strong>cumque</strong></span> <span class='ocrx_word' id='word_1_132' title='bbox 956 2278 1071 2342; x_wconf 87' lang='lat' dir='ltr'><strong>classis</strong></span> <span class='ocrx_word' id='word_1_133' title='bbox 1089 2286 1107 2341; x_wconf 76' lang='lat' dir='ltr'><strong>e</strong></span> <span class='ocrx_word' id='word_1_134' title='bbox 1122 2286 1308 2361; x_wconf 78' lang='lat' dir='ltr'><strong>conspectu</strong></span> 
     </span>
     <span class='ocr_line' id='line_1_19' title="bbox 204 2382 1309 2464; baseline 0.001 -19"><span class='ocrx_word' id='word_1_135' title='bbox 204 2382 420 2446; x_wconf 79' lang='lat' dir='ltr'><strong>barbarorum</strong></span> <span class='ocrx_word' id='word_1_136' title='bbox 445 2383 543 2464; x_wconf 72' lang='lat' dir='ltr'><strong>longe</strong></span> <span class='ocrx_word' id='word_1_137' title='bbox 566 2384 783 2458; x_wconf 86' lang='lat' dir='ltr'><strong>discessisset,</strong></span> <span class='ocrx_word' id='word_1_138' title='bbox 800 2393 871 2446; x_wconf 92' lang='lat' dir='ltr'><strong>tum</strong></span> <span class='ocrx_word' id='word_1_139' title='bbox 889 2383 1024 2446; x_wconf 72' lang='lat' dir='ltr'><strong>demum</strong></span> <span class='ocrx_word' id='word_1_140' title='bbox 1043 2389 1146 2446; x_wconf 71' lang='lat' dir='ltr'><strong>nives</strong></span> <span class='ocrx_word' id='word_1_141' title='bbox 1167 2384 1209 2446; x_wconf 89' lang='lat' dir='ltr'><strong>ad</strong></span> <span class='ocrx_word' id='word_1_142' title='bbox 1229 2384 1309 2447; x_wconf 88' lang='lat' dir='ltr'><strong>litus</strong></span> 
     </span>
     <span class='ocr_line' id='line_1_20' title="bbox 204 2486 1308 2568; baseline 0.001 -19"><span class='ocrx_word' id='word_1_143' title='bbox 204 2486 342 2568; x_wconf 90' lang='lat' dir='ltr'><strong>appulit.</strong></span> <span class='ocrx_word' id='word_1_144' title='bbox 391 2486 522 2550; x_wconf 90' lang='lat' dir='ltr'><strong>Deinde</strong></span> <span class='ocrx_word' id='word_1_145' title='bbox 541 2487 575 2548; x_wconf 92' lang='lat' dir='ltr'><strong>in</strong></span> <span class='ocrx_word' id='word_1_146' title='bbox 593 2496 714 2550; x_wconf 86' lang='lat' dir='ltr'><strong>terram</strong></span> <span class='ocrx_word' id='word_1_147' title='bbox 735 2495 899 2568; x_wconf 74' lang='lat' dir='ltr'><strong>egressus,</strong></span> <span class='ocrx_word' id='word_1_148' title='bbox 917 2486 988 2549; x_wconf 90' lang='lat' dir='ltr'><strong>sine</strong></span> <span class='ocrx_word' id='word_1_149' title='bbox 1010 2494 1102 2549; x_wconf 67' lang='lat' dir='ltr'><strong>mori</strong></span> <span class='ocrx_word' id='word_1_150' title='bbox 1122 2508 1185 2568; x_wconf 91' lang='lat' dir='ltr'><strong>per</strong></span> <span class='ocrx_word' id='word_1_151' title='bbox 1204 2487 1308 2550; x_wconf 70' lang='lat' dir='ltr'><strong>silvis</strong></span> 
     </span>
     <span class='ocr_line' id='line_1_21' title="bbox 204 2588 1308 2672; baseline -0.001 -18"><span class='ocrx_word' id='word_1_152' title='bbox 204 2590 258 2654; x_wconf 67' lang='lat' dir='ltr'><strong>vii</strong></span> <span class='ocrx_word' id='word_1_153' title='bbox 273 2591 370 2654; x_wconf 70' lang='lat' dir='ltr'><strong>devisi</strong></span> <span class='ocrx_word' id='word_1_154' title='bbox 386 2610 460 2654; x_wconf 88' lang='lat' dir='ltr'><strong>curn</strong></span> <span class='ocrx_word' id='word_1_155' title='bbox 477 2588 622 2654; x_wconf 76' lang='lat' dir='ltr'><strong>exercitu</strong></span> <span class='ocrx_word' id='word_1_156' title='bbox 640 2591 812 2671; x_wconf 80' lang='lat' dir='ltr'><strong>proiectus</strong></span> <span class='ocrx_word' id='word_1_157' title='bbox 827 2600 887 2666; x_wconf 88' lang='lat' dir='ltr'><strong>est,</strong></span> <span class='ocrx_word' id='word_1_158' title='bbox 902 2602 938 2654; x_wconf 92' lang='lat' dir='ltr'><strong>ut</strong></span> <span class='ocrx_word' id='word_1_159' title='bbox 953 2598 973 2653; x_wconf 71' lang='lat'>5</span> <span class='ocrx_word' id='word_1_160' title='bbox 988 2599 1084 2672; x_wconf 78' lang='lat' dir='ltr'><strong>tergo</strong></span> <span class='ocrx_word' id='word_1_161' title='bbox 1101 2591 1213 2654; x_wconf 73' lang='lat' dir='ltr'><strong>hostes</strong></span> <span class='ocrx_word' id='word_1_162' title='bbox 1230 2593 1308 2654; x_wconf 85' lang='lat' dir='ltr'><strong>ado</strong></span> 
     </span>
     <span class='ocr_line' id='line_1_22' title="bbox 204 2693 1307 2776; baseline 0.002 -19"><span class='ocrx_word' id='word_1_163' title='bbox 204 2702 332 2758; x_wconf 73' lang='lat' dir='ltr'><strong>riretur.</strong></span> <span class='ocrx_word' id='word_1_164' title='bbox 380 2694 420 2757; x_wconf 94' lang='lat' dir='ltr'><strong>In</strong></span> <span class='ocrx_word' id='word_1_165' title='bbox 442 2695 560 2758; x_wconf 89' lang='lat' dir='ltr'><strong>itinere</strong></span> <span class='ocrx_word' id='word_1_166' title='bbox 587 2693 749 2776; x_wconf 70' lang='lat' dir='ltr'><strong>quisdam</strong></span> <span class='ocrx_word' id='word_1_167' title='bbox 766 2695 938 2758; x_wconf 49' lang='lat' dir='ltr'><strong>¹Indorum</strong></span> <span class='ocrx_word' id='word_1_168' title='bbox 965 2695 1117 2758; x_wconf 67' lang='lat' dir='ltr'><strong>uitiones</strong></span> <span class='ocrx_word' id='word_1_169' title='bbox 1144 2695 1307 2759; x_wconf 60' lang='lat' dir='ltr'><strong>finitimas</strong></span> 
     </span>
     <span class='ocr_line' id='line_1_23' title="bbox 163 2797 1304 2881; baseline 0.004 -23"><span class='ocrx_word' id='word_1_170' title='bbox 163 2797 331 2874; x_wconf 73' lang='lat' dir='ltr'><strong>eoadiit,‹&#39;e</strong></span> <span class='ocrx_word' id='word_1_171' title='bbox 361 2797 480 2880; x_wconf 91' lang='lat' dir='ltr'><strong>quibus</strong></span> <span class='ocrx_word' id='word_1_172' title='bbox 511 2797 606 2860; x_wconf 88' lang='lat' dir='ltr'><strong>multi</strong></span> <span class='ocrx_word' id='word_1_173' title='bbox 633 2805 752 2860; x_wconf 72' lang='lat' dir='ltr'><strong>armiti</strong></span> <span class='ocrx_word' id='word_1_174' title='bbox 778 2818 913 2881; x_wconf 89' lang='lat' dir='ltr'><strong>operam</strong></span> <span class='ocrx_word' id='word_1_175' title='bbox 937 2819 1030 2862; x_wconf 90' lang='lat' dir='ltr'><strong>suam</strong></span> <span class='ocrx_word' id='word_1_176' title='bbox 1055 2797 1193 2880; x_wconf 91' lang='lat' dir='ltr'><strong>polliciti</strong></span> <span class='ocrx_word' id='word_1_177' title='bbox 1215 2807 1304 2862; x_wconf 80' lang='lat' dir='ltr'><strong>sunt</strong></span> 
     </span>
    </p>
   </div>
   <div class='ocr_carea' id='block_1_7' title="bbox 121 2963 1307 3838">
    <p class='ocr_par' dir='ltr' id='par_1_13' title="bbox 121 2963 1307 3838">
     <span class='ocr_line' id='line_1_24' title="bbox 266 2963 1305 3034; baseline 0.004 -20"><span class='ocrx_word' id='word_1_178' title='bbox 266 2977 291 3027; x_wconf 81' lang='lat'><strong>⁵·</strong></span> <span class='ocrx_word' id='word_1_179' title='bbox 317 2964 434 3015; x_wconf 76' lang='lat' dir='ltr'><strong>auxilio:</strong></span> <span class='ocrx_word' id='word_1_180' title='bbox 464 2963 498 3017; x_wconf 86' lang='lat' dir='ltr'><strong>cf.</strong></span> <span class='ocrx_word' id='word_1_181' title='bbox 528 2968 596 3031; x_wconf 75' lang='lat' dir='ltr'><strong>sisui,</strong></span> <span class='ocrx_word' id='word_1_182' title='bbox 627 2981 653 3034; x_wconf 92' lang='lat' dir='ltr'><strong>p.</strong></span> <span class='ocrx_word' id='word_1_183' title='bbox 687 2977 729 3031; x_wconf 92' lang='lat'><strong>77,</strong></span> <span class='ocrx_word' id='word_1_184' title='bbox 827 2982 867 3016; x_wconf 82' lang='grc' dir='ltr'><strong>ιι.</strong></span> <span class='ocrx_word' id='word_1_185' title='bbox 893 2964 1046 3030; x_wconf 72' lang='lat' dir='ltr'><strong>provincie:</strong></span> <span class='ocrx_word' id='word_1_186' title='bbox 1074 2966 1120 3017; x_wconf 83' lang='lat' dir='ltr'><strong>i.c.</strong></span> <span class='ocrx_word' id='word_1_187' title='bbox 1138 2966 1232 3018; x_wconf 75' lang='lat' dir='ltr'><strong>eidem</strong></span> <span class='ocrx_word' id='word_1_188' title='bbox 1246 2968 1305 3033; x_wconf 80' lang='lat' dir='ltr'><strong>pri&gt;-</strong></span> 
     </span>
     <span class='ocr_line' id='line_1_25' title="bbox 204 3041 879 3111; baseline 0.001 -16"><span class='ocrx_word' id='word_1_189' title='bbox 204 3041 223 3095; x_wconf 90' lang='lat' dir='ltr'><strong>l.</strong></span> <span class='ocrx_word' id='word_1_190' title='bbox 235 3057 277 3111; x_wconf 89' lang='lat'><strong>20,</strong></span> <span class='ocrx_word' id='word_1_191' title='bbox 287 3042 342 3095; x_wconf 86' lang='lat' dir='ltr'><strong>and</strong></span> <span class='ocrx_word' id='word_1_192' title='bbox 355 3059 401 3096; x_wconf 90' lang='lat' dir='ltr'><strong>see</strong></span> <span class='ocrx_word' id='word_1_193' title='bbox 413 3042 460 3096; x_wconf 91' lang='lat' dir='ltr'><strong>the</strong></span> <span class='ocrx_word' id='word_1_194' title='bbox 470 3045 576 3098; x_wconf 81' lang='lat' dir='ltr'><strong>Vocab.</strong></span> <span class='ocrx_word' id='word_1_195' title='bbox 586 3049 730 3111; x_wconf 74' lang='lat' dir='ltr'><strong>-poenis</strong></span> <span class='ocrx_word' id='word_1_196' title='bbox 780 3046 879 3097; x_wconf 74' lang='lat' dir='ltr'><strong>vincli.</strong></span> 
     </span>
     <span class='ocr_line' id='line_1_26' title="bbox 206 3122 1307 3194; baseline 0.004 -19"><span class='ocrx_word' id='word_1_197' title='bbox 206 3160 214 3175; x_wconf 92' lang='lat'><strong>.</strong></span> <span class='ocrx_word' id='word_1_198' title='bbox 235 3161 242 3174; x_wconf 95' lang='lat'><strong>.</strong></span> <span class='ocrx_word' id='word_1_199' title='bbox 265 3161 271 3175; x_wconf 96' lang='lat'><strong>.</strong></span> <span class='ocrx_word' id='word_1_200' title='bbox 291 3125 439 3188; x_wconf 82' lang='lat' dir='ltr'><strong>repeteret:</strong></span> <span class='ocrx_word' id='word_1_201' title='bbox 461 3122 494 3177; x_wconf 83' lang='lat' dir='ltr'><strong>ci.</strong></span> <span class='ocrx_word' id='word_1_202' title='bbox 508 3141 534 3192; x_wconf 92' lang='lat' dir='ltr'><strong>p.</strong></span> <span class='ocrx_word' id='word_1_203' title='bbox 550 3141 592 3194; x_wconf 86' lang='lat'><strong>39,</strong></span> <span class='ocrx_word' id='word_1_204' title='bbox 606 3126 625 3177; x_wconf 91' lang='lat' dir='ltr'><strong>l.</strong></span> <span class='ocrx_word' id='word_1_205' title='bbox 640 3139 666 3178; x_wconf 92' lang='lat'><strong>2.</strong></span> <span class='ocrx_word' id='word_1_206' title='bbox 826 3141 865 3177; x_wconf 66' lang='grc' dir='ltr'><strong>ιι.</strong></span> <span class='ocrx_word' id='word_1_207' title='bbox 892 3127 982 3178; x_wconf 78' lang='lat' dir='ltr'><strong>iussus</strong></span> <span class='ocrx_word' id='word_1_208' title='bbox 994 3129 1067 3179; x_wconf 74' lang='lat' dir='ltr'><strong>erat:</strong></span> <span class='ocrx_word' id='word_1_209' title='bbox 1088 3127 1129 3179; x_wconf 72' lang='lat' dir='ltr'><strong>iae.</strong></span> <span class='ocrx_word' id='word_1_210' title='bbox 1142 3142 1202 3179; x_wconf 87' lang='lat' dir='ltr'><strong>was</strong></span> <span class='ocrx_word' id='word_1_211' title='bbox 1214 3126 1307 3179; x_wconf 85' lang='lat' dir='ltr'><strong>under</strong></span> 
     </span>
     <span class='ocr_line' id='line_1_27' title="bbox 266 3206 1304 3274; baseline 0.003 -20"><span class='ocrx_word' id='word_1_212' title='bbox 266 3218 290 3267; x_wconf 84' lang='lat'><strong>7.</strong></span> <span class='ocrx_word' id='word_1_213' title='bbox 317 3207 439 3256; x_wconf 78' lang='lat' dir='ltr'><strong>numero:</strong></span> <span class='ocrx_word' id='word_1_214' title='bbox 506 3210 630 3258; x_wconf 82' lang='lat' dir='ltr'><strong>amount.</strong></span> <span class='ocrx_word' id='word_1_215' title='bbox 644 3207 730 3258; x_wconf 86' lang='lat' dir='ltr'><strong>-di·</strong></span> <span class='ocrx_word' id='word_1_216' title='bbox 779 3206 1083 3272; x_wconf 64' lang='lat' dir='ltr'><strong>erdere-exponere:</strong></span> <span class='ocrx_word' id='word_1_217' title='bbox 1127 3209 1238 3271; x_wconf 77' lang='lat' dir='ltr'><strong>expono,</strong></span> <span class='ocrx_word' id='word_1_218' title='bbox 1279 3221 1304 3274; x_wconf 89' lang='lat'><strong>3,</strong></span> 
     </span>
     <span class='ocr_line' id='line_1_28' title="bbox 203 3284 1103 3354; baseline 0.002 -19"><span class='ocrx_word' id='word_1_219' title='bbox 203 3286 294 3348; x_wconf 80' lang='lat' dir='ltr'><strong>repto:</strong></span> <span class='ocrx_word' id='word_1_220' title='bbox 326 3284 431 3349; x_wconf 79' lang='lat' dir='ltr'><strong>diripio,</strong></span> <span class='ocrx_word' id='word_1_221' title='bbox 456 3300 481 3353; x_wconf 87' lang='lat'><strong>3,</strong></span> <span class='ocrx_word' id='word_1_222' title='bbox 506 3286 597 3352; x_wconf 88' lang='lat' dir='ltr'><strong>-ripui‚</strong></span> <span class='ocrx_word' id='word_1_223' title='bbox 615 3289 728 3354; x_wconf 64' lang='lat' dir='ltr'><strong>neptus,</strong></span> <span class='ocrx_word' id='word_1_224' title='bbox 780 3290 877 3352; x_wconf 86' lang='lat' dir='ltr'><strong>-posui,</strong></span> <span class='ocrx_word' id='word_1_225' title='bbox 890 3287 1015 3352; x_wconf 74' lang='lat' dir='ltr'><strong>positus,</strong></span> <span class='ocrx_word' id='word_1_226' title='bbox 1027 3286 1103 3339; x_wconf 85' lang='lat' dir='ltr'><strong>land.</strong></span> 
     </span>
     <span class='ocr_line' id='line_1_29' title="bbox 206 3363 1304 3436; baseline 0.004 -20"><span class='ocrx_word' id='word_1_227' title='bbox 206 3363 504 3436; x_wconf 74' lang='lat' dir='ltr'><strong>plunder(cf.rapio).</strong></span> <span class='ocrx_word' id='word_1_228' title='bbox 826 3385 864 3431; x_wconf 87' lang='lat'><strong>14.</strong></span> <span class='ocrx_word' id='word_1_229' title='bbox 892 3368 947 3419; x_wconf 78' lang='lat' dir='ltr'><strong>ite:</strong></span> <span class='ocrx_word' id='word_1_230' title='bbox 984 3369 1030 3419; x_wconf 61' lang='lat' dir='ltr'><strong>ie.</strong></span> <span class='ocrx_word' id='word_1_231' title='bbox 1056 3366 1079 3418; x_wconf 82' lang='lat' dir='ltr'><strong>if</strong></span> <span class='ocrx_word' id='word_1_232' title='bbox 1111 3366 1146 3420; x_wconf 90' lang='lat' dir='ltr'><strong>he</strong></span> <span class='ocrx_word' id='word_1_233' title='bbox 1177 3366 1304 3420; x_wconf 89' lang='lat' dir='ltr'><strong>followed</strong></span> 
     </span>
     <span class='ocr_line' id='line_1_30' title="bbox 264 3447 1302 3516; baseline 0.001 -18"><span class='ocrx_word' id='word_1_234' title='bbox 264 3462 289 3509; x_wconf 81' lang='lat'><strong>9.</strong></span> <span class='ocrx_word' id='word_1_235' title='bbox 316 3447 439 3499; x_wconf 77' lang='lat' dir='ltr'><strong>incendia</strong></span> <span class='ocrx_word' id='word_1_236' title='bbox 453 3485 459 3498; x_wconf 92' lang='lat'><strong>.</strong></span> <span class='ocrx_word' id='word_1_237' title='bbox 474 3485 480 3498; x_wconf 93' lang='lat'><strong>.</strong></span> <span class='ocrx_word' id='word_1_238' title='bbox 494 3449 620 3500; x_wconf 54' lang='lat' dir='ltr'><strong>medes:</strong></span> <span class='ocrx_word' id='word_1_239' title='bbox 641 3456 728 3502; x_wconf 86' lang='lat' dir='ltr'><strong>trans·</strong></span> <span class='ocrx_word' id='word_1_240' title='bbox 779 3448 920 3501; x_wconf 82' lang='lat' dir='ltr'><strong>orders—</strong></span> <span class='ocrx_word' id='word_1_241' title='bbox 928 3461 1007 3513; x_wconf 84' lang='lat' dir='ltr'><strong>posse</strong></span> <span class='ocrx_word' id='word_1_242' title='bbox 1016 3467 1022 3499; x_wconf 79' lang='grc' dir='ltr'>ι</span> <span class='ocrx_word' id='word_1_243' title='bbox 1031 3447 1064 3501; x_wconf 85' lang='lat' dir='ltr'><strong>cf.</strong></span> <span class='ocrx_word' id='word_1_244' title='bbox 1078 3455 1185 3516; x_wconf 86' lang='lat' dir='ltr'><strong>note‚p.</strong></span> <span class='ocrx_word' id='word_1_245' title='bbox 1196 3461 1238 3515; x_wconf 85' lang='lat'><strong>23,</strong></span> <span class='ocrx_word' id='word_1_246' title='bbox 1247 3447 1264 3499; x_wconf 93' lang='lat' dir='ltr'><strong>l.</strong></span> <span class='ocrx_word' id='word_1_247' title='bbox 1275 3463 1302 3516; x_wconf 89' lang='lat'><strong>9.</strong></span> 
     </span>
     <span class='ocr_line' id='line_1_31' title="bbox 203 3525 1304 3598; baseline 0.002 -20"><span class='ocrx_word' id='word_1_248' title='bbox 203 3525 449 3598; x_wconf 81' lang='lat' dir='ltr'><strong>lateassingulars.</strong></span> <span class='ocrx_word' id='word_1_249' title='bbox 475 3527 554 3582; x_wconf 89' lang='lat' dir='ltr'><strong>With</strong></span> <span class='ocrx_word' id='word_1_250' title='bbox 574 3529 728 3581; x_wconf 85' lang='lat' dir='ltr'><strong>incendium</strong></span> <span class='ocrx_word' id='word_1_251' title='bbox 824 3536 864 3580; x_wconf 85' lang='lat'><strong>18.</strong></span> <span class='ocrx_word' id='word_1_252' title='bbox 891 3531 937 3581; x_wconf 75' lang='lat' dir='ltr'><strong>vii</strong></span> <span class='ocrx_word' id='word_1_253' title='bbox 964 3530 1059 3581; x_wconf 74' lang='lat' dir='ltr'><strong>devii:</strong></span> <span class='ocrx_word' id='word_1_254' title='bbox 1085 3527 1119 3582; x_wconf 81' lang='lat' dir='ltr'><strong>ci.</strong></span> <span class='ocrx_word' id='word_1_255' title='bbox 1139 3530 1192 3581; x_wconf 80' lang='lat' dir='ltr'><strong>viis</strong></span> <span class='ocrx_word' id='word_1_256' title='bbox 1207 3530 1304 3595; x_wconf 73' lang='lat' dir='ltr'><strong>deviis,</strong></span> 
     </span>
     <span class='ocr_line' id='line_1_32' title="bbox 121 3606 1304 3677; baseline 0 -15"><span class='ocrx_word' id='word_1_257' title='bbox 121 3607 124 3614; x_wconf 91' lang='lat'>&#39;</span> <span class='ocrx_word' id='word_1_258' title='bbox 202 3606 234 3662; x_wconf 85' lang='lat' dir='ltr'><strong>cf.</strong></span> <span class='ocrx_word' id='word_1_259' title='bbox 252 3609 372 3660; x_wconf 75' lang='lat' dir='ltr'><strong>incendo.</strong></span> <span class='ocrx_word' id='word_1_260' title='bbox 777 3625 804 3676; x_wconf 93' lang='lat' dir='ltr'><strong>p.</strong></span> <span class='ocrx_word' id='word_1_261' title='bbox 831 3624 874 3677; x_wconf 87' lang='lat'><strong>43,</strong></span> <span class='ocrx_word' id='word_1_262' title='bbox 899 3609 918 3661; x_wconf 93' lang='lat' dir='ltr'><strong>l.</strong></span> <span class='ocrx_word' id='word_1_263' title='bbox 945 3608 1042 3661; x_wconf 81' lang='grc' dir='ltr'><strong>6.-ῑι</strong></span> <span class='ocrx_word' id='word_1_264' title='bbox 1071 3611 1162 3674; x_wconf 74' lang='lat' dir='ltr'><strong>tergo:</strong></span> <span class='ocrx_word' id='word_1_265' title='bbox 1192 3607 1225 3662; x_wconf 89' lang='lat' dir='ltr'><strong>el.</strong></span> <span class='ocrx_word' id='word_1_266' title='bbox 1256 3608 1304 3662; x_wconf 89' lang='lat' dir='ltr'><strong>the</strong></span> 
     </span>
     <span class='ocr_line' id='line_1_33' title="bbox 248 3686 1304 3756; baseline 0.002 -17"><span class='ocrx_word' id='word_1_267' title='bbox 248 3705 286 3739; x_wconf 89' lang='lat' dir='ltr'><strong>ro.</strong></span> <span class='ocrx_word' id='word_1_268' title='bbox 312 3689 460 3740; x_wconf 68' lang='lat' dir='ltr'><strong>crudelius:</strong></span> <span class='ocrx_word' id='word_1_269' title='bbox 484 3688 633 3751; x_wconf 69' lang='lat' dir='ltr'><strong>crudiliter,</strong></span> <span class='ocrx_word' id='word_1_270' title='bbox 653 3686 727 3752; x_wconf 72' lang='lat' dir='ltr'><strong>adu,</strong></span> <span class='ocrx_word' id='word_1_271' title='bbox 777 3704 825 3740; x_wconf 91' lang='lat' dir='ltr'><strong>use</strong></span> <span class='ocrx_word' id='word_1_272' title='bbox 838 3687 870 3740; x_wconf 84' lang='lat' dir='ltr'><strong>of</strong></span> <span class='ocrx_word' id='word_1_273' title='bbox 878 3703 911 3738; x_wconf 88' lang='lat' dir='ltr'><strong>ex</strong></span> <span class='ocrx_word' id='word_1_274' title='bbox 923 3687 952 3739; x_wconf 89' lang='lat' dir='ltr'><strong>in</strong></span> <span class='ocrx_word' id='word_1_275' title='bbox 965 3687 1012 3740; x_wconf 91' lang='lat' dir='ltr'><strong>the</strong></span> <span class='ocrx_word' id='word_1_276' title='bbox 1022 3687 1122 3756; x_wconf 85' lang='lat' dir='ltr'><strong>phrase</strong></span> <span class='ocrx_word' id='word_1_277' title='bbox 1133 3689 1258 3741; x_wconf 80' lang='lat' dir='ltr'><strong>omnibus</strong></span> <span class='ocrx_word' id='word_1_278' title='bbox 1271 3702 1304 3741; x_wconf 86' lang='lat' dir='ltr'><strong>ex</strong></span> 
     </span>
     <span class='ocr_line' id='line_1_34' title="bbox 201 3766 910 3838; baseline 0.004 -18"><span class='ocrx_word' id='word_1_279' title='bbox 201 3766 338 3838; x_wconf 79' lang='lat' dir='ltr'><strong>savagcly.</strong></span> <span class='ocrx_word' id='word_1_280' title='bbox 777 3767 910 3837; x_wconf 70' lang='lat' dir='ltr'><strong>partious.</strong></span> 
     </span>
    </p>
   </div>
   <div class='ocr_carea' id='block_1_8' title="bbox 0 0 1464 4296">
    <p class='ocr_par' dir='ltr' id='par_1_14' title="bbox 0 0 1464 4296">
     <span class='ocr_line' id='line_1_35' title="bbox 0 0 1464 4296; baseline 0 1"><span class='ocrx_word' id='word_1_281' title='bbox 0 0 1464 4296; x_wconf 95' lang='lat' dir='ltr'><strong> </strong></span> 
     </span>
    </p>
   </div>
  </div>
 </body>
</html>
