2920 4296
449 315 562 374 FIRST
588 314 710 373 LATIN
736 313 901 372 READER
1183 315 1221 379 81

122 498 316 562 servitutem
333 496 438 563 Gallis
454 496 606 560 vendere.
654 494 777 579 Quart,
794 495 868 560 cibo
887 505 1054 580 armisque
1072 505 1223 579 arreptis,

122 603 244 666 fratres
268 602 335 665 duo
358 620 399 664 ex
422 600 569 663 hibernis
592 607 693 664 noctu
717 600 801 663 clam
826 601 1005 682 fugeruut,
1033 599 1090 665 ubi
1112 610 1223 664 autem

122 706 194 769 dies
210 704 325 782 illuxit,
341 705 375 768 in
391 705 509 768 arbore
525 711 607 768 cava
622 711 658 768 se
674 711 792 767 somno
807 704 979 768 dederunt.

168 810 305 873 Interim
332 809 506 872 Indicum
529 808 667 872 canibus
689 809 837 891 undique
859 815 982 889 pueros
1009 808 1223 892 quaerebant

97 935 111 989 5
124 914 173 978 At
185 914 288 976 irater
301 914 413 988 maior,
425 931 500 975 cum
513 918 613 975 canes
626 911 763 993 propius
775 911 818 974 ad
828 912 980 975 arborem
993 912 1223 990 accessissent,

123 1024 142 1080 ἔ
159 1026 275 1080 somno
290 1017 409 1080 latratu
427 1018 598 1091 excitatus,
616 1016 735 1078 callido
751 1024 830 1079 usus
843 1016 981 1079 consilio
997 1017 1140 1080 frustum
1157 1038 1225 1081 car-

123 1125 175 1184 uis
185 1131 232 1184 eis
243 1123 389 1203 proiecit.
430 1121 592 1202 Quaeres
606 1129 716 1201 pueris
729 1120 829 1183 saluti
840 1119 905 1182 fuit
913 1140 921 1195 ;
937 1140 1013 1183 cum
1023 1120 1112 1184 enirn
1124 1129 1224 1186 canes

123 1245 256 1288 carnem
274 1225 480 1299 devorarent,
493 1223 626 1287 barbari
641 1223 724 1286 nihil
740 1223 948 1305 suspicantes
964 1224 1115 1288 arborem
1132 1245 1225 1308 prae·

122 1329 291 1393 terierunt.
339 1328 416 1411 Quo
431 1336 511 1402 viso,
529 1337 623 1410 pueri
641 1347 755 1390 rursus
776 1328 919 1409 profecti
940 1347 999 1409 per
1020 1329 1121 1393 silvas
1139 1336 1224 1393 errei-

83 1461 114 1497 ιο
123 1441 250 1508 verunt,
268 1433 373 1496 donec
390 1433 479 1495 fame
496 1432 730 1514 laboribusque
749 1451 856 1512 paene
875 1432 1021 1496 coniecti
1039 1443 1132 1510 sunt;
1152 1443 1223 1497 tum

123 1536 156 1600 in
173 1536 340 1619 quoddam
357 1535 517 1619 oppidum
534 1535 726 1600 colonorum
743 1534 805 1598 sibi
821 1541 921 1599 antea
940 1543 1092 1618 ignotum
1113 1537 1224 1602 subito

123 1647 355 1722 pervenerunt.

547 1864 731 1930 nasson
762 1864 807 1945 69

414 2048 539 2113 Ston'es
561 2049 659 2112 about
680 2049 810 2112 Daniel
828 2049 937 2115 Boane

168 2203 229 2268 Ille
250 2203 438 2286 explorator
453 2205 570 2278 clarus,
588 2205 682 2268 cuius
704 2204 746 2267 de
767 2205 909 2285 pueritia
929 2206 1029 2286 paulo
1047 2214 1125 2270 ante
1145 2205 1221 2280 dixi,

122 2308 321 2372 interseras
346 2308 514 2390 Indosque
539 2328 646 2389 paene
669 2317 771 2372 totam
797 2309 866 2390 egit
889 2317 1042 2373 aetatem.
1091 2294 1179 2374 Olim
1205 2318 1224 2373 ἐ

84 2411 307 2491 15Caroiaena
330 2411 488 2475 Citeriore
510 2419 601 2475 trans
624 2419 753 2476 montes
775 2419 841 2474 ιἰιιῑι
860 2432 935 2475 cum
952 2414 1025 2476 aliis
1041 2414 1223 2494 explorato

123 2514 212 2578 ribus
229 2522 375 2598 quinque
390 2516 549 2579 audacter
563 2514 596 2576 in
613 2516 717 2578 valles
734 2516 931 2599 longinquis
950 2516 1141 2594 contendit;
1166 2519 1222 2581 ubi

123 2625 190 2681 ιἰιιό
205 2638 279 2681 cum
300 2620 419 2680 comite
438 2619 480 2681 ab
501 2619 594 2681 Indis
616 2629 742 2700 captus,
760 2631 938 2702 postquam
959 2619 1001 2682 ab
1023 2629 1071 2683 eis
1092 2630 1221 2702 septem

123 2721 193 2785 dies
215 2729 346 2785 summa
369 2722 540 2804 diligentia
563 2725 747 2787 custoditus
767 2733 827 2801 est,
845 2731 947 2788 noctu
966 2724 1052 2787 clam
1072 2725 1221 2800 surrexit,

122 2827 308 2908 comiteque
330 2833 348 2888 ὃ
368 2834 484 2888 somno
505 2827 655 2903 excitato,
673 2827 847 2891 incolumis
869 2828 911 2890 ad
932 2847 1044 2892 casam
1061 2830 1220 2910 pervenit,

83 2949 221 3010 mquam
238 2928 309 3010 ipse
326 2936 491 3012 ceterique
507 2931 732 3012 exploratores
749 2931 847 3012 paulo
865 2941 942 2994 ante
958 2932 1118 2994 fecerant.

166 3032 282 3097 Paucis
299 3043 376 3116 post
394 3041 491 3097 annis
509 3036 644 3098 easdem
663 3034 696 3096 in
718 3036 871 3117 regiones
893 3035 1029 3099 colonos
1049 3054 1125 3099 cum
1146 3044 1223 3099 uxo

166 3216 190 3250 1.
215 3199 390 3254 servitutem:
417 3204 543 3270 servitiu,
569 3203 647 3269 -irtis,
742 3221 782 3256 ιι.
809 3204 878 3256 eibi:
906 3213 1035 3260 construe
1055 3204 1121 3260 with
1147 3208 1222 3270 iguo·

121 3291 158 3345 re,
170 3278 298 3347 slavery3
317 3279 350 3334 cf.
365 3297 468 3336 servus.
696 3287 762 3338 tum.
963 3322 965 3327 -

164 3376 189 3410 2.
215 3362 322 3412 autem:
342 3364 410 3416 and.
742 3380 782 3433 ¹3·
808 3367 899 3419 cuiue:
920 3365 1087 3421 modifierof
1095 3367 1220 3432 pueritie.

164 3454 189 3504 5.
215 3442 341 3507 propius:
367 3447 442 3514 quite
463 3444 547 3509 close‚·
572 3444 644 3498 what
743 3463 782 3509 14.
809 3450 945 3500 aetatem:
967 3456 1015 3501 not
1035 3450 1178 3501 aestatem.

99 3537 169 3590 „use
180 3520 213 3576 of
221 3521 268 3575 the
281 3525 420 3593 compar.?
742 3541 780 3591 ¹⁵·
806 3529 949 3582 citeriore:
994 3528 1123 3600 (citerior,
1161 3529 1221 3595 -ior,

163 3608 189 3654 ⁶.
214 3605 332 3657 latratis:
366 3607 491 3668 latratus,
519 3609 572 3672 -its,
603 3619 643 3668 u,
695 3607 775 3674 ius),
794 3606 833 3662 lit.
851 3609 1030 3672 Neareniae.
1046 3608 1158 3674 North3
1183 3607 1218 3664 cf.

82 3721 85 3728 .
120 3683 377 3754 barking.-i1sus:
410 3685 540 3740 translate
566 3703 597 3740 as
625 3685 648 3740 ii
696 3687 744 3742 the
757 3695 821 3742 note
834 3690 1036 3755 ontinenam,
1049 3707 1076 3760 p.
1092 3703 1134 3757 70,
1147 3689 1164 3744 l.
1178 3703 1203 3757 7.

120 3768 183 3820 isus
200 3768 243 3819 est
263 3803 270 3817 .
292 3804 299 3817 .
321 3804 328 3818 .
348 3769 385 3819 et.
741 3785 782 3819 20.
809 3773 906 3822 ceteri:
933 3778 1056 3825 contrast
1078 3770 1126 3824 the
1146 3769 1220 3825 force

94 3903 96 3908 ,
164 3863 188 3912 7.
216 3860 299 3913 quae:
318 3845 382 3900 tlu's.
695 3848 894 3919 oseliia,l.15.
