2920 4296
242 337 303 404 134
564 319 679 376 FIRST
704 319 828 378 LATIN
854 319 1018 376 READER

285 503 404 585 Itaque
420 473 596 565 coniristim
614 500 758 564 dimissis
774 502 900 564 nuntiis
916 501 959 562 ad
977 499 1173 574 Ceutrones,
1187 499 1341 575 Grudios,

240 607 458 688 nationesque
482 605 573 681 alias,
597 615 757 688 utquam
783 605 933 666 maximis
956 605 1061 686 copiis
1085 605 1207 666 auxilio
1231 603 1342 667 statim

239 719 399 786 venirent,
417 719 555 792 repente
574 709 617 772 ad
639 708 809 774 Ciceronis
833 709 972 771 hiberna
995 708 1108 771 hostes
1132 715 1168 770 se
1191 709 1342 773 ostende-

240 825 317 878 runt
327 836 335 893 ;
359 815 416 878 ubi
427 814 580 879 nonnulli
596 815 725 890 milites,
740 824 845 879 morte
862 815 979 879 Sabini
996 817 1180 899 Cottaeque
1193 816 1343 878 nondum

216 923 400 998 suuntiata,
414 921 486 985 sine
503 923 620 984 timore
636 928 729 985 extra
745 924 945 985 munitiones
961 920 1078 986 officiis
1090 923 1189 985 variis
1205 941 1342 1003 operam

240 1027 373 1090 dabant.
422 1027 474 1089 Ex
502 1028 554 1089 his
578 1027 722 1109 quidam,
748 1037 806 1108 qui
836 1027 1026 1108 lignationis
1054 1033 1155 1089 causa
1182 1028 1215 1088 in
1242 1025 1343 1090 silvas

240 1130 471 1206 discesserant,
501 1137 676 1212 repentino
703 1133 851 1212 equitum
879 1132 1023 1194 adventu
1052 1129 1227 1212 intercepti
1253 1140 1342 1193 sunt.

240 1235 351 1299 Ceteri
377 1244 487 1297 autem
515 1233 666 1299 celeriter
691 1242 930 1317 concurrerunt
954 1234 997 1298 ad
1024 1254 1125 1309 arma,
1150 1234 1343 1316 vallumque

240 1337 513 1402 conscenderunt.

651 1521 835 1586 nasson
872 1537 932 1601 109

310 1706 376 1770 lee
397 1707 560 1790 Besieged
578 1716 715 1787 attempt
736 1716 767 1768 to
793 1704 1035 1770 Communicate
1058 1706 1139 1769 with
1164 1703 1288 1770 Caesar

201 1897 231 1934 ιο
285 1871 411 1933 Missae
426 1880 505 1932 sunt
520 1868 563 1931 ad
583 1869 759 1933 Caesarem
781 1868 958 1931 confestim
975 1875 995 1930 ai
1012 1867 1173 1932 Cicerone
1193 1868 1343 1945 litterae;

239 1973 384 2038 obsessis
407 1984 517 2037 autem
543 1971 697 2035 omnibus
715 1973 784 2046 viis,
809 1972 851 2034 ab
876 1971 1027 2034 hostibus
1052 1974 1143 2034 missi
1165 1973 1344 2053 intercepti

240 2087 326 2142 sunt.
374 2077 485 2142 Noctu
502 2097 542 2140 ex
559 2076 705 2152 materia,
728 2097 828 2159 quam
855 2077 1047 2139 munitionis
1071 2082 1171 2139 causa
1194 2096 1345 2158 compor-

239 2189 399 2257 taverant,
429 2190 533 2245 nostri
558 2188 666 2244 turres
694 2181 822 2245 circiter
849 2181 945 2245 CXX
973 2181 1158 2243 incredibili
1173 2180 1343 2244 celeritate

239 2292 479 2349 exstruxerunt.

201 2421 210 2458 ι
215 2421 228 2474 5
285 2392 420 2453 Postero
436 2390 490 2452 die
506 2391 627 2466 hostes,
647 2391 751 2453 multo
768 2390 948 2454 maioribus
965 2399 1089 2454 coactis
1105 2391 1217 2473 copiis,
1231 2401 1342 2454 castra

239 2493 358 2557 iterum
386 2502 674 2576 oppugnaverunt,
704 2495 897 2577 fossamque
923 2496 1090 2576 complere
1116 2503 1226 2558 coniti
1253 2505 1339 2558 sunt.

241 2597 368 2661 Eadem
392 2600 529 2674 ratione,
550 2606 616 2681 qua
640 2598 754 2680 pridie,
775 2607 880 2662 nostri
902 2601 1103 2663 restiterunt.
1152 2601 1228 2663 Hoc
1251 2601 1340 2663 idem

239 2702 374 2786 reliquis
400 2702 559 2785 deinceps
586 2703 703 2766 diebus
730 2703 856 2765 factum
885 2713 947 2766 est.
995 2704 1098 2767 Nulla
1128 2725 1205 2787 pars
1232 2704 1342 2768 noctis

240 2806 408 2869 laboribus
440 2807 579 2869 militum
616 2805 768 2870 carebat:
808 2815 875 2870 non
910 2817 1028 2888 aegris,
1061 2817 1127 2871 non
1158 2810 1341 2872 vulneratis
1447 2873 1448 2912 i

300 2994 325 3029 α.
351 2978 437 3030 allis:
457 2985 506 3031 not
522 2978 639 3043 reliquis
652 2994 684 3031 or
695 2981 764 3030 oete-
862 2993 901 3028 η.
928 2979 1023 3030 nocti:
1037 2974 1198 3046 duringtle
1217 2974 1342 3048 (fhllow-

238 3060 389 3111 rin-ut:
409 3056 456 3111 the
475 3057 660 3112 construction
678 3058 701 3112 is
718 3057 765 3112 de·
815 3056 877 3126 ing)
910 3057 1179 3127 night—mitani:
1217 3057 1342 3124 mitons,

237 3137 372 3192 termined
387 3138 424 3209 by
436 3138 483 3192 the
502 3138 564 3193 idea
576 3136 608 3192 of
622 3138 721 3209 urging
734 3155 765 3193 or
815 3153 866 3203 aa,
888 3151 926 3203 s,
942 3137 1049 3189 timber.

177 3215 190 3231 ⁹
238 3217 434 3289 commanding
452 3217 563 3288 implied
579 3219 607 3272 in
622 3219 669 3273 tbe
683 3219 765 3273 send·
862 3235 902 3283 17.
929 3223 997 3284 qui:
1031 3217 1122 3288 freely‚
1145 3235 1196 3281 ar,-
1225 3216 1341 3288 strictly,

238 3299 287 3371 ing
299 3298 331 3354 os
348 3304 708 3372 messengers.-maximis
727 3306 766 3355 co
815 3298 881 3366 abl,
896 3299 925 3352 in
945 3300 992 3354 the
1012 3317 1087 3354 same
1105 3299 1294 3354 construction
1311 3315 1342 3352 as

237 3381 307 3448 piis:
327 3380 382 3436 abl.
397 3399 475 3447 case3
496 3383 625 3438 translate
636 3382 753 3437 “with.''
816 3385 911 3434 eidem
923 3385 1035 3435 ratione.

297 3479 323 3526 3.
349 3465 398 3515 ad:
418 3463 506 3516 inthe
517 3463 762 3536 nergltborhoodos.
862 3470 900 3516 ιδ.
926 3465 1053 3530 reliquis:
1081 3462 1126 3516 the
1141 3461 1344 3532 folhrvingn-

299 3549 324 3595 ⁶.
350 3544 509 3608 linitionis
535 3549 631 3597 causi:
672 3543 706 3598 cs.
734 3562 762 3614 p.
816 3546 956 3612 mmceps:
977 3544 1185 3610 adv.‚inturn.

241 3621 330 3689 108‚l.
344 3623 371 3676 8.
592 3690 599 3700 .
861 3643 901 3688 ις.
927 3627 1062 3678 laboribus
1087 3627 1221 3678 militum:
1248 3622 1342 3695 freely,

300 3719 324 3767 7.
351 3704 488 3768 equitum:
507 3705 552 3756 tle.
565 3704 597 3758 os
601 3705 649 3758 the
658 3721 763 3774 enemy.
814 3705 866 3758 toil
878 3707 933 3776 sor
963 3705 1008 3759 tlte
1039 3706 1341 3759 saltora-carent:

300 3800 325 3845 9.
351 3785 575 3836 conscenderunt:
595 3785 724 3837 manned.
799 3799 873 3837 ‘was
883 3785 1163 3853 wzthout,orlacked‚·
1176 3785 1344 3840 cf.thenote
1445 3823 1446 3843 r

285 3878 324 3913 rr.
351 3862 763 3932 miss12part.‚as(masc)noun.
814 3880 852 3917 on
871 3869 913 3916 me
934 3904 940 3916 .
962 3902 970 3917 .
992 3903 1000 3918 .
1020 3870 1114 3933 carere,
1128 3882 1156 3935 p.
1170 3865 1214 3930 68,
1230 3865 1247 3917 l.
1264 3879 1305 3935 13.
