2920 4296
448 325 562 384 nnsr
587 326 709 384 narni
736 325 901 387 nnnnnn
1167 335 1225 408 113·

122 508 283 593 oppidum
301 529 440 591 parvum
459 508 492 571 in
513 509 607 572 litore
627 507 863 584 condidissent,
882 509 1034 572 nationes
1056 511 1226 593 proximae

122 615 262 678 moleste
288 613 443 677 ferebant
469 620 665 696 peregrinos
692 613 758 676 illic
786 614 994 691 consedisse3
1027 616 1228 683 verebantur

122 720 211 782 enirn
235 725 284 781 ne·
299 718 371 780 irira
394 738 454 781 sua
478 729 591 781 vetera
614 718 815 792 amitterent,
839 717 1031 800 emptioque
1056 730 1226 786 servorum

122 823 203 904 (qua
226 843 265 886 ex
289 829 323 884 re
347 832 522 904 quaestum
547 840 706 902 magnum
730 822 916 905 faciebant)
938 843 1013 886 rnox
1035 834 1105 890 tota
1128 829 1227 910 repri-

98 934 275 1009 5meretur.
324 928 445 1008 Quare,
468 931 603 987 armatis
622 927 770 1008 undique
792 933 991 1005 convocais,
1009 930 1044 992 in
1065 933 1226 1014 oppidum
1327 996 1329 999 .

123 1034 313 1096 colonorum
343 1044 481 1113 repente
508 1033 669 1114 impetum
698 1035 850 1097 iecerunt
879 1036 1085 1100 acerrimum.
1134 1036 1227 1099 Intra

123 1140 323 1200 munitiones
349 1147 444 1200 erant
474 1138 541 1198 dux
569 1157 669 1218 aeger
699 1149 732 1201 et
760 1141 896 1221 triginta
923 1147 1070 1222 quinque
1096 1150 1249 1205 tantum.

123 1241 284 1316 homines,
309 1251 365 1323 qui
388 1262 480 1304 arma
502 1242 591 1304 ferre
616 1254 772 1324 possent;
806 1255 840 1307 at
863 1244 917 1320 illi,
943 1264 1019 1308 cum
1043 1244 1076 1307 in
1101 1245 1228 1328 proelii)

123 1347 312 1427 quindecim
331 1365 371 1408 ex
391 1346 539 1428 ipsorum
559 1356 699 1410 numero
719 1359 776 1412 aut
791 1350 956 1411 vulnerati
979 1359 1037 1412 aut
1059 1350 1229 1413 interfecti

85 1459 244 1526 roessent,
262 1451 375 1513 hostias
397 1450 522 1532 praeda
541 1458 721 1532 occupatos
745 1460 915 1535 postremo
935 1454 969 1516 in
989 1454 1104 1535 fugam
1122 1453 1229 1517 conie-

123 1563 247 1619 cerunt.
297 1556 414 1619 Paucis
437 1568 548 1620 autern
574 1569 650 1640 post
674 1558 792 1622 diebus
815 1557 1022 1639 oppugnatio
1040 1564 1060 1620 a
1079 1557 1228 1622 barbaris

123 1661 348 1744 redintegrata
363 1674 429 1739 est;
454 1673 511 1745 qui
534 1671 577 1726 ne
600 1673 669 1726 tum
687 1663 821 1746 quidem
846 1682 915 1725 rem
935 1662 1021 1725 bene
1040 1669 1226 1744 gesserunt.

125 1767 251 1849 Itaque,
263 1773 346 1849 pace
357 1766 421 1830 iarn
433 1767 565 1830 demum
578 1768 677 1843 facta,
689 1769 772 1830 haec
783 1766 916 1849 quidem
927 1767 1057 1830 colonia
1067 1766 1227 1848 paulatim

122 1879 262 1934 numero
276 1871 468 1953 viribusque
485 1882 583 1935 aucta
599 1880 659 1936 est.

547 2089 732 2155 LESSON
763 2105 807 2169 94

449 2261 480 2324 A
506 2259 608 2323 Priae
635 2257 713 2323 Won
735 2257 807 2320 and
825 2256 909 2320 Lost

83 2426 112 2480 Ι5
167 2394 267 2486 Olim,
285 2430 360 2474 curn
384 2409 479 2472 navis
501 2408 602 2488 longa
620 2405 823 2468 Americina
845 2423 906 2486 per
923 2423 1014 2466 mare
1037 2403 1231 2468 Mediterra-
1330 2417 1332 2420 ·

123 2534 223 2577 neum
244 2514 427 2596 navigaret,
451 2522 572 2575 nautae
596 2509 712 2592 procul
735 2509 844 2571 velum
865 2508 1035 2584 viderunt3
1060 2514 1128 2589 quo
1149 2515 1229 2583 viso,

124 2619 324 2700 praefectus,
343 2617 521 2681 liburnicas
544 2622 725 2698 piratarum
748 2612 838 2675 haud
858 2612 975 2693 procul
993 2611 1111 2675 abesse
1127 2622 1229 2686 ratus,

124 2733 202 2789 suos
231 2732 359 2789 summit
387 2726 556 2789 celeritate
580 2727 711 2804 insequi
739 2716 844 2780 iussit.
894 2717 984 2778 Dum
1013 2724 1124 2779 autem
1148 2717 1230 2779 velis

124 2837 289 2913 remisque
322 2831 537 2906 contendunt,
570 2826 681 2891 subito
711 2821 806 2886 navis
837 2822 872 2883 in
904 2827 992 2883 saxis
1027 2820 1231 2882 absconditis

83 2937 286 3012 zoadhaesit
318 2956 428 3018 neque
459 2935 526 2998 tillo
556 2932 656 2996 modo
686 2926 819 2991 detrudi
850 2934 990 3007 poterat.
1043 2923 1121 3006 Quo
1151 2930 1230 2986 cisti

187 3091 211 3124 2.
238 3075 350 3127 molesti
369 3072 584 3132 fortunatae:
604 3070 648 3120 ae.
701 3064 757 3116 this
772 3059 936 3132 particular
953 3058 1061 3128 colonyf
1080 3057 1120 3111 lit.
1142 3058 1232 3111 what?

123 3169 196 3207 were
215 3154 295 3210 much
312 3152 439 3223 wrouglzt
458 3153 497 3220 up
513 3150 583 3216 that,
600 3156 651 3203 etc.
706 3147 767 3217 (Do
806 3149 855 3196 not
887 3138 999 3194 confuse
1027 3140 1136 3205 quidem
1167 3137 1231 3191 with

124 3235 239 3287 -illic:
260 3235 333 3297 adv„
347 3234 431 3287 there.
704 3221 839 3292 quidam.)

186 3333 213 3380 4.
238 3319 312 3369 trita:
333 3313 463 3367 translate
474 3329 504 3365 as
514 3310 579 3364 isan
588 3310 651 3364 adv.
750 3323 790 3368 ¹4·
818 3305 920 3356 viribus
932 3321 938 3355 :
949 3308 1073 3356 contrast
1081 3300 1128 3354 the
1141 3316 1233 3352 mean-

187 3402 212 3449 ⁶.
237 3400 325 3450 intri:
346 3394 451 3449 behind.
704 3385 754 3456 ing
778 3384 809 3440 of
839 3389 881 3436 vio
914 3382 970 3436 and
996 3385 1068 3434 vires
1098 3383 1158 3450 (see
1186 3379 1233 3433 the

187 3484 213 3530 Β.
239 3492 313 3530 cum:
334 3477 418 3548 after.
705 3466 841 3536 Vocab.).

187 3575 213 3622 9.
239 3559 372 3625 ipsorum:
387 3555 465 3609 their.
752 3566 792 3612 19·
818 3550 915 3598 remis:
936 3549 1033 3610 remus,
1055 3547 1084 3609 -i,
1106 3557 1150 3608 ru,
1171 3559 1232 3595 oar.

172 3657 212 3692 ιο.
238 3641 396 3705 occupatos:
414 3635 513 3689 busicd.
707 3631 817 3684 Roman
829 3626 907 3696 ships
920 3624 996 3680 often
1013 3625 1068 3679 had
1084 3624 1153 3679 both
1169 3623 1234 3677 sails

172 3738 212 3773 12.
238 3723 272 3772 nt
293 3758 299 3771 .
322 3758 328 3770 .
352 3758 357 3770 .
378 3718 502 3784 quidem:
531 3732 578 3769 see
592 3780 594 3783 .
608 3713 655 3767 the
706 3710 762 3763 and
775 3725 845 3774 oarS,
858 3706 914 3760 and
926 3708 997 3759 velis
1009 3709 1143 3772 remisque
1158 3721 1235 3758 carne

126 3800 232 3856 Vocab.
707 3799 736 3844 to
756 3791 826 3844 bea
847 3786 978 3857 standing
999 3786 1100 3856 phrase
1123 3785 1165 3839 for
1184 3789 1236 3837 “at

173 3900 213 3946 13.
240 3883 305 3934 haec
314 3880 422 3947 quidem
431 3877 549 3932 colonia:
563 3873 656 3945 freely,
707 3870 755 3924 full
779 3867 894 3940 speed.”
