2920 4296
216 321 277 386 150
537 307 655 392 arasa
676 308 798 364 mnu
825 281 1011 366 aarum

214 488 376 569 optimum
391 488 484 553 lactu
501 488 736 552 existimabant
750 489 784 551 in
802 490 919 554 Castra
933 489 1087 554 Cornelia
1102 488 1250 569 legiones
1266 486 1317 560 re-

214 591 344 668 ducere,
357 602 392 655 ut
403 594 525 655 maiore
537 591 645 674 spatio
654 593 813 674 temporis
824 592 1021 674 interposito
1033 592 1172 655 militum
1186 599 1316 654 mentes

214 702 419 770 sanarentur,
440 696 536 758 simul
562 705 598 759 ut
621 697 794 772 exercitus,
817 703 846 758 si
871 696 997 778 proelio
1020 697 1129 759 victus
1154 706 1252 770 esset,
1279 697 1315 758 in

216 799 360 863 Siciliam
373 800 469 863 facile
480 807 699 882 transportari
708 809 830 882 posset.
878 800 980 879 Curio
988 811 1100 863 tamen
1115 800 1315 863 “Neutrum

190 904 418 980 5c6nsilium,’'
435 905 551 985 inquit,
570 909 589 936 “
602 903 725 986 prob63
742 924 851 987 neque
863 905 951 967 enim
965 911 1050 966 tanti
1066 924 1138 966 sum
1155 904 1266 979 animi,
1279 913 1317 967 ut

214 1017 402 1070 castratam
416 1015 542 1070 msrnita
553 1015 678 1071 temere
689 1008 917 1090 oppugnanda
933 1015 1097 1081 censeam,
1110 1027 1219 1090 neque
1230 1016 1318 1070 tanti

214 1110 350 1186 timoris,
379 1121 416 1175 ut
438 1131 531 1193 spem
557 1113 667 1175 statim
692 1112 865 1188 dimittam,
890 1121 990 1194 atque
1013 1111 1125 1174 omnia
1148 1112 1240 1192 prius
1263 1132 1317 1174 ex-

216 1215 375 1297 perienda
390 1214 560 1278 arbitror.”

259 1319 382 1400 Quam,
414 1319 551 1383 dimisso
580 1319 727 1396 consilio,
759 1321 948 1384 contionem
980 1319 1122 1383 advocat
1152 1319 1314 1394 militum;

176 1430 355 1504 roquorum
371 1424 501 1486 animos
514 1423 624 1486 verbis
641 1424 829 1498 confirmat,
846 1423 1009 1505 docetque
1026 1423 1105 1506 quid
1124 1425 1167 1486 sit
1182 1443 1314 1497 causae,

215 1533 275 1589 cur
290 1526 352 1589 sibi
369 1527 570 1609 Caesarique
587 1527 701 1590 fideles
716 1527 791 1603 sint.
839 1528 915 1609 Qua
931 1528 1080 1590 oratione
1100 1534 1243 1608 permoti
1259 1534 1318 1587 mi·

216 1630 289 1692 lites
305 1651 382 1694 eum
397 1630 497 1693 etiam
518 1631 683 1694 dicentem
706 1631 974 1711 interpellabant,
992 1631 1219 1694 discedentem
1234 1637 1316 1692 vero

215 1753 256 1796 ex
271 1735 425 1797 contione
447 1736 592 1796 universi
615 1735 831 1796 cohortantur
847 1743 883 1796 ut
906 1741 1029 1813 magno
1045 1733 1086 1796 sit
1102 1735 1214 1796 animo
1229 1741 1315 1796 neve

215 1836 344 1900 dubitet
367 1837 528 1920 proelium
553 1838 760 1900 committere
783 1846 817 1899 et
844 1856 939 1899 suam
966 1837 1065 1899 fidem
1091 1836 1317 1918 virtutemque

176 1962 204 2017 ις
214 1948 364 2022 experiri.

278 2154 299 2187 1.
324 2135 415 2188 iactr'r:
443 2137 477 2190 cf.
504 2153 530 2204 p.
561 2135 617 2194 126.
642 2135 659 2187 l.
690 2148 736 2201 173
790 2133 821 2189 ol
830 2135 876 2188 the
888 2152 962 2205 gen„
975 2134 1010 2189 cf,
1025 2138 1068 2186 sui
1082 2136 1197 2200 timoris,
1211 2150 1239 2203 p.
1257 2148 1317 2204 149,

214 2218 281 2269 omit
293 2216 357 2270 here
369 2217 398 2267 in
411 2215 582 2286 translating.
790 2214 808 2267 l.
825 2230 833 2266 ι
839 2230 864 2282 3.

276 2314 301 2349 a.
327 2298 441 2348 melite:
467 2295 554 2349 absol.
577 2313 740 2365 compar.—
836 2314 874 2347 ιι.
901 2298 974 2348 sint:
1000 2296 1040 2348 lit.
1064 2296 1125 2364 they
1144 2295 1245 2348 should
1268 2295 1317 2359 be,-

215 2382 334 2430 menter:
358 2380 443 2441 mene,
460 2377 568 2442 mentis,
581 2389 619 2440 la,
624 2375 739 2446 feeling,
791 2376 920 2430 translate
933 2376 979 2430 the
992 2377 1083 2430 clause
1095 2375 1188 2446 freely.

214 2458 254 2510 lit.
269 2458 354 2510 numi.
837 2474 876 2508 ιι.
902 2470 978 2509 eum:
1028 2457 1073 2509 tle.
1116 2457 1265 2511 Curionem.
1279 2487 1318 2494 —

276 2555 299 2600 3·
327 2541 500 2591 sanarentur:
528 2540 602 2602 ιῑιιιῡ,
625 2550 646 2602 ι,
670 2535 739 2600 heal,
791 2539 875 2589 etiam
887 2539 1035 2590 dicentem:
1055 2537 1184 2590 translate
1194 2536 1249 2590 this
1259 2535 1316 2589 and

215 2634 295 2686 pass,
303 2618 403 2670 become
410 2617 677 2671 normal.-simul:
696 2619 737 2670 ie.
790 2616 838 2670 the
861 2615 1001 2686 following
1018 2623 1088 2685 part.
1106 2614 1143 2684 by
1157 2615 1271 2669 clauses.
1283 2645 1319 2653 -

213 2698 416 2769 flerthermorc.
789 2697 1014 2762 Interpellibant:
1040 2696 1106 2766 kept
1126 2698 1320 2765 interrupting

275 2795 301 2841 4.
327 2780 466 2831 neutrum:
522 2781 623 2842 neuter,
676 2781 738 2842 tra,
791 2777 1254 2846 (interpello,1).-disceoentem:
1275 2792 1314 2830 sc.

214 2860 305 2922 -trum,
318 2855 425 2910 neither
438 2856 483 2923 (of
492 2857 572 2925 two).
789 2872 858 2912 eum.

275 2953 300 3001 5.
327 2939 483 2989 consilium:
527 2946 649 2991 contrast
690 2939 738 2993 the
833 2954 872 3000 13.
899 2938 1037 2990 contione:
1072 2936 1117 2988 tlte
1146 2938 1317 3006 mering.—

214 3018 343 3088 meaning
356 3017 419 3070 here
432 3017 487 3070 and
500 3034 537 3070 on
549 3037 575 3087 p.
592 3032 648 3088 149,
662 3019 736 3089 l.·15.
789 3019 924 3071 universi:
955 3016 1046 3087 freely,
1070 3034 1120 3070 one
1142 3016 1204 3070 and
1221 3016 1316 3069 all.-

213 3113 355 3164 —nequex
376 3097 410 3151 cf.
422 3115 449 3168 p.
465 3111 522 3164 127,
536 3099 552 3150 l.
569 3098 607 3151 16.
789 3102 885 3164 mgni
900 3137 907 3150 .
923 3137 929 3150 .
946 3137 953 3150 .
968 3099 1073 3150 animi:
1096 3096 1138 3150 lor
1156 3105 1264 3168 syntax,
1277 3097 1312 3151 cf.

276 3195 299 3244 7.
325 3180 415 3246 prius:
435 3181 476 3231 ie.
490 3178 582 3232 before
594 3179 690 3250 giving
701 3198 738 3251 up
789 3179 835 3233 the
856 3187 921 3233 note
940 3195 978 3233 on
997 3195 1025 3247 p.
1045 3192 1102 3247 135,
1119 3178 1138 3229 l.
1158 3181 1313 3230 2.-neve:

215 3259 294 3329 hope.
305 3261 523 3326 —experiendm
557 3261 684 3326 experior,
710 3276 737 3328 4,
787 3261 849 3313 and
869 3265 917 3313 not
935 3265 965 3312 to
984 3260 1032 3329 (ιιὲ
1049 3269 1074 3317 ÷
1091 3259 1158 3325 ve);
1181 3256 1215 3311 cf.
1228 3272 1317 3323 neque

213 3344 338 3406 expertus
351 3355 419 3405 sum,
431 3347 486 3409 try.
792 3339 835 3409 (in
847 3356 928 3393 sense
945 3362 969 3386 =
987 3342 1040 3391 ιιῦιι
1058 3348 1081 3397 ÷
1099 3337 1176 3405 que).

274 3437 299 3483 9.
326 3423 491 3474 contiinem:
505 3420 738 3489 assembly.—ed-
835 3438 873 3484 14.
901 3421 996 3472 fidem:
1025 3419 1142 3487 loyalty3
1160 3417 1195 3472 cf.
1211 3419 1316 3485 fideles,

213 3504 308 3554 vocat:
331 3503 439 3567 admei,
461 3515 483 3568 ι,
500 3502 556 3554 call
569 3502 695 3571 together.
788 3500 807 3553 l.
824 3515 864 3553 ιι.

259 3598 300 3633 ιο.
325 3585 431 3633 verbis:
449 3583 677 3648 saeuis-quid
690 3620 696 3633 .
711 3621 737 3634 ..
835 3596 874 3644 15,
901 3583 1030 3648 experiri:
1062 3579 1142 3632 make
1170 3578 1244 3632 mel
1265 3580 1317 3650 os,-

213 3674 322 3714 eeueae:
341 3661 568 3730 minimuum
587 3660 629 3714 lor
640 3669 739 3731 syntax
789 3659 821 3715 cf.
836 3663 854 3714 l.
870 3673 894 3728 7.
