2824 4292
223 297 265 374 46
550 301 664 360 FIRST
689 301 810 361 LATIN
837 301 1002 360 READER

223 482 404 546 adiuvaret.
452 481 584 566 Quibus
605 483 705 548 rebus
726 484 879 564 cognitis,
899 483 1052 546 Britanni
1070 481 1130 558 illr,
1151 489 1217 565 qui
1246 482 1351 545 Phila·
1389 541 1391 570 i

222 584 379 669 delpbiae
394 588 626 664 consederant,
640 607 715 650 curn
733 595 896 651 sentirent
913 585 1050 650 flumine
1067 588 1185 650 classe
1204 587 1351 650 obsesso
1390 571 1391 614 ³

223 697 260 754 se
271 690 417 774 undique
427 699 617 774 oppugnari
630 711 737 774 posse,
749 691 899 755 celeriter
912 697 985 754 sese
997 691 1266 754 coniunxerunt
1277 711 1349 754 curn
1390 701 1391 776 j

222 795 326 878 copiis
339 795 421 872 aliis,
435 815 520 878 quae
534 795 567 859 in
581 794 751 878 provincia
764 796 914 878 proxima
930 794 1114 858 collocatae
1131 805 1255 860 erant.
1303 797 1349 858 lta
1390 807 1391 882 ἴ

198 899 453 982 §Philadelphia
470 919 583 964 rursus
598 901 632 964 in
650 899 925 962 Americandrum
948 905 1151 980 potestatem
1173 899 1346 980 pervenit
1390 883 1391 912 ¹

268 1004 390 1068 Adhuc
416 1005 567 1068 Britanni
590 1003 800 1068 crediderant
823 1002 959 1067 colonos
982 1001 1082 1065 facile
1100 1003 1200 1066 vinci
1227 1024 1346 1084 posse:

223 1109 282 1172 sed
306 1109 371 1172 iarn
399 1109 533 1173 demunt
562 1115 737 1172 senserunt
761 1114 798 1170 se
823 1127 891 1172 rem
912 1105 1140 1170 difficillimam
1170 1115 1344 1175 tractare
1390 1157 1391 1186 p

221 1233 365 1294 cumque
388 1214 421 1276 in
447 1211 636 1294 provinciis,
658 1231 744 1294 quae
769 1212 811 1274 ad
835 1210 1004 1274 meridient
1030 1221 1204 1292 spectant,
1232 1213 1345 1275 coloni
1390 1195 1391 1198 ¹

222 1321 286 1381 rari
310 1317 421 1380 multis
444 1335 520 1380 curn
545 1323 648 1380 servis
672 1315 705 1378 in
731 1315 874 1397 praediis
899 1314 1050 1378 maximis
1075 1314 1296 1390 babitarent,
1314 1317 1343 1376 in
1390 1347 1391 1396 g

183 1425 278 1490 rocas
297 1421 541 1484 constituerunt
562 1421 727 1484 exercitus
749 1427 827 1482 suos
849 1419 990 1492 mittere,
1009 1427 1036 1480 si
1056 1417 1100 1480 ibi
1121 1439 1198 1482 rem
1219 1440 1341 1500 gerere

222 1523 352 1586 felicius
376 1535 523 1606 possent.
588 1525 660 1588 Nec
684 1531 764 1586 vcro
787 1530 844 1586 eds
869 1521 1040 1584 consilium
1067 1521 1217 1598 ielcllit;
1263 1545 1339 1585 nam

222 1627 348 1710 Gorgia
365 1635 430 1690 uua
446 1648 520 1692 cum
538 1629 609 1692 aliis
626 1626 824 1710 quibusdam
850 1625 1027 1708 provinciis
1048 1625 1143 1689 brevi
1163 1637 1222 1690 est
1244 1649 1339 1691 occu-

137 1749 146 1766 ·
222 1739 309 1814 pata,
326 1743 360 1796 et
377 1731 576 1814 ubicumque
601 1732 633 1794 in
656 1733 726 1794 acie
748 1737 935 1813 pugnatum
958 1740 1018 1804 est,
1037 1729 1244 1793 Americani
1261 1732 1338 1794 victi
1390 1761 1391 1786 2

221 1844 308 1900 sunt.
365 1835 495 1917 Quibus
519 1836 727 1899 detrimentis
752 1833 887 1896 minime
910 1834 1022 1896 animo
1045 1833 1194 1908 demissi,
1223 1836 1337 1898 coloni
1390 1801 1391 1860 l

182 1940 285 2028 15iam
311 1947 430 2002 mantis
450 1945 570 2022 parvas
589 1946 781 2021 coegerunt,
804 1957 890 2020 quae
911 1939 945 2000 in
966 1937 1056 2000 silvis
1079 1938 1335 2022 paludibusque

220 2043 377 2119 latebant,
410 2043 516 2108 donec
551 2043 762 2106 occasionem
799 2049 847 2104 rei
885 2042 972 2105 bene
1011 2042 1182 2122 gerendae
1221 2054 1335 2108 nanci-

220 2156 409 2224 scerentur;
434 2157 503 2210 tum
518 2147 627 2211 subito
639 2148 765 2229 impetu
780 2146 870 2209 iacto
882 2155 940 2208 aut
954 2143 1132 2227 capiebant
1147 2145 1333 2210 Britannos

220 2261 277 2314 aut
293 2259 350 2314 eds
366 2251 398 2313 in
416 2251 533 2334 lugam
552 2250 686 2314 dabant.

644 2464 829 2530 LESSON
860 2481 899 2543 41

612 2631 769 2694 Benedici
790 2632 922 2695 Amold

265 2802 355 2864 Dum
373 2801 454 2864 baec
472 2810 641 2882 geruntur,
659 2801 692 2862 in
711 2800 880 2880 pruvincia
899 2800 1172 2863 Noveboracensi
1188 2801 1319 2882 quidam

179 2905 399 2987 wimperator
422 2903 653 2979 AmericanuS,
678 2904 812 2967 nomine
837 2904 1030 2980 Arnoldius,
1055 2905 1121 2967 dux
1151 2906 1260 2968 audax
1284 2927 1320 2968 ac

282 3053 306 3088 r.
332 3036 533 3101 quibusrebus:
548 3035 744 3088 this-Phile-
841 3051 881 3085 rr.
909 3049 956 3086 nec
976 3036 1047 3101 vero,
1060 3041 1131 3088 etc:
1153 3033 1244 3104 beely,
1255 3037 1315 3088 and

219 3117 361 3182 delphine:
381 3115 498 3170 locative
511 3131 581 3169 case.
794 3114 839 3167 tlte
847 3114 919 3183 plan
930 3128 992 3168 was
1000 3114 1165 3184 succcsffuk
1180 3114 1220 3166 lit.
1232 3115 1315 3168 what?

280 3215 305 3250 η.
328 3197 438 3249 flumine
451 3235 457 3248 .
472 3234 479 3247 .
493 3235 499 3248 .
513 3199 637 3250 obsessi:
655 3204 744 3249 trans·
841 3212 881 3258 13.
907 3197 1083 3261 ubicumque:
1136 3195 1314 3264 conjunctim,

219 3277 272 3333 late
285 3277 322 3348 by
334 3294 351 3329 a
363 3276 533 3332 conditional
546 3277 645 3331 clause.
794 3275 944 3329 wherevcr.

280 3375 303 3422 3.
329 3361 495 3423 oppugnari:
526 3365 590 3410 note
619 3357 666 3411 the
692 3356 744 3408 last
840 3371 880 3419 ¹5·
907 3360 1019 3409 manus:
1081 3357 1242 3424 compam'cs,
1285 3373 1314 3410 or

218 3440 298 3493 letter
307 3437 338 3493 of
347 3439 394 3492 the
404 3438 488 3492 word.
500 3451 636 3502 -posse:
657 3437 742 3489 could.
795 3437 890 3489 hands.

218 3523 336 3572 -eese:
354 3520 399 3572 i.e.
415 3523 453 3571 ss.
842 3524 881 3569 ιδ.
908 3520 1046 3570 latebant:
1070 3516 1103 3570 cl.
1129 3517 1175 3569 the
1198 3523 1259 3570 nole
1277 3535 1311 3571 on

280 3607 305 3652 8.
331 3615 407 3652 cum:
439 3601 519 3666 since,
544 3615 576 3651 or
599 3597 744 3650 inasmuclt
796 3599 947 3663 rapiebant.
967 3617 991 3666 p.
1015 3612 1038 3663 7,
1059 3597 1076 3648 l.
1103 3611 1141 3662 17.
1155 3600 1235 3648 -rei
1251 3599 1311 3649 bene

218 3699 258 3735 as.
798 3681 929 3744 gerendae
945 3683 956 3747 (
959 3696 1023 3748 gen.
1038 3677 1134 3744 case):
1158 3675 1247 3746 freely‚
1257 3696 1310 3731 suc-

265 3780 304 3815 ro.
332 3766 394 3814 eie:
409 3759 541 3830 referring
551 3768 579 3813 to
591 3761 745 3824 provinciis,
797 3759 898 3828 cessful
926 3761 1024 3811 areton.
1043 3788 1075 3796 -
1088 3760 1306 3810 nanciscerentur:

219 3843 236 3895 l.
252 3843 276 3896 8.
287 3876 322 3884 -
333 3847 372 3894 si:
393 3841 427 3895 cl.
444 3846 476 3907 si,
490 3857 516 3907 p.
533 3856 574 3907 33,
588 3839 606 3890 l.
622 3853 648 3902 4.
798 3837 930 3890 translate
943 3837 989 3890 the
1003 3836 1175 3906 subjunctive
1188 3838 1307 3892 “could''
