2824 4292
426 349 539 408 FIRST
566 349 687 407 LATIN
714 352 878 409 READER
1161 369 1202 434 43

135 532 193 594 At
218 531 384 612 Vasingto
408 539 485 595 suos
508 531 604 595 iussit
628 531 689 594 sub
713 552 888 614 vesperum
912 531 946 595 in
970 541 1088 596 castris
1114 533 1202 614 ignis

82 637 223 711 lacere,
241 647 276 699 ut
293 635 412 698 cotidie
429 636 589 712 solebant,
607 655 681 698 cum
702 635 831 698 interim
853 646 952 718 pauci
967 635 1111 699 maximo
1126 657 1203 699 cum

84 740 241 821 strepitti
257 739 380 802 circum
397 741 521 802 vallum
545 759 631 822 opus
655 740 873 816 festinarent3
897 741 987 822 quod
1009 749 1049 804 eo
1065 741 1202 803 consilio

84 845 203 920 iussit,
212 853 249 906 ut
260 843 411 906 Britanni
420 843 660 906 arbitrarentur
669 842 1039 925 ibiimpetumhostium
1050 845 1202 927 excipere

56 978 72 1029 5
88 948 322 1012 Americanos
339 956 465 1030 parare.
516 950 623 1012 Nocte
644 959 756 1012 tamen
780 949 980 1032 intempesta
995 950 1113 1025 coloni,
1131 949 1202 1013 sine

88 1053 241 1134 strepitti
267 1053 335 1115 fillo
353 1075 392 1116 ex
409 1064 526 1118 castris
542 1062 676 1136 egressi,
694 1056 754 1117 viis
780 1055 883 1117 devils
899 1056 961 1118 iter
977 1055 1128 1118 fecerunt
1144 1054 1203 1117 cir·

89 1175 173 1218 cum
198 1158 380 1220 exercitum
406 1157 645 1234 Britannicum,
662 1168 762 1240 atque
785 1160 819 1221 in
843 1167 942 1240 agros
963 1167 1097 1241 apertos
1115 1159 1202 1222 inco

91 1261 206 1323 lumes
227 1269 458 1343 pervenerunt.
506 1263 624 1344 Itaque
646 1269 743 1326 mane
764 1264 945 1345 imperator
966 1263 1200 1326 Britannorum

15 1357 17 1436 J
94 1369 114 1396 ‘⁴
127 1365 266 1447 vulpem
284 1365 383 1428 istum
398 1367 416 1391 '’
433 1366 582 1430 invenire
595 1373 661 1429 non
676 1367 801 1448 potuit;
818 1367 982 1447 Vasingtc'r
995 1369 1084 1430 enim
1100 1367 1200 1430 etiam

15 1461 17 1544 j
48 1477 167 1530 roturn
183 1469 345 1551 oppidum
358 1469 576 1550 oppugnabat
593 1470 743 1545 alterum,
757 1470 814 1533 ubi
830 1471 963 1552 quidam
979 1471 1132 1534 Britanni
1146 1471 1203 1533 alii

95 1582 208 1635 castra
221 1583 411 1654 posuerant.
446 1573 560 1654 Quare
570 1573 777 1648 Cornivallis,
793 1595 868 1636 cum
880 1582 1016 1638 sentiret
1025 1582 1062 1638 se
1072 1575 1201 1639 eltisum

15 1751 17 1756 Ι
97 1695 183 1750 esse,
204 1676 356 1739 celeriter
374 1684 409 1738 se
432 1677 566 1757 recepit,
589 1686 625 1739 ut
643 1677 881 1758 impedimenta
900 1685 1111 1741 conservaret
1131 1699 1200 1754 sua,

15 1865 17 1874 J
98 1798 185 1861 quae
202 1778 245 1841 ad
262 1799 409 1861 pugnam
427 1780 597 1862 profectus
615 1791 690 1862 post
706 1791 837 1863 tergum
855 1783 954 1864 longe
969 1782 1155 1865 reliquerat.

532 2163 715 2228 nosson
735 2165 776 2242 38
807 2262 808 2265 Ν

441 2355 642 2438 Beeegoyne’s
666 2354 851 2440 campazgrn

147 2518 281 2580 Postero
298 2525 387 2580 anno
404 2519 685 2600 alius-imperator
703 2516 914 2581 Britannicus
930 2539 971 2580 ex
987 2518 1125 2582 Canada
1141 2537 1201 2600 per

66 2640 94 2693 ις
106 2622 304 2706 provinciam
345 2620 658 2684 Noveborz'rcensem
694 2623 841 2702 legiones
875 2622 1038 2704 quasdam
1077 2621 1200 2684 dr'rcere

106 2731 238 2786 conatus
262 2734 322 2787 est.
371 2725 433 2789 Cui
455 2725 567 2788 omnia
590 2733 697 2808 primo
721 2725 863 2789 feliciter
886 2733 1086 2801 evenerunt;
1116 2726 1200 2788 Tae-

107 2827 289 2909 conderoga
312 2830 401 2891 enim
426 2839 525 2910 capta
547 2841 599 2894 est
622 2836 689 2892 fini
711 2849 786 2893 cum
806 2829 910 2911 copiis
931 2828 1095 2906 omnibus,
1115 2835 1199 2912 quis

106 2942 144 2997 eo
177 2933 369 2998 Americanl
405 2939 703 3015 comportaverant.
765 2931 849 2996 Cum
888 2941 998 2996 autem
1039 2932 1201 2996 Germani

108 3038 194 3100 multi
226 3045 244 3100 e
284 3037 475 3100 Britannico
512 3034 659 3100 exercitii
697 3037 731 3098 in
770 3037 955 3118 proximam
994 3034 1198 3119 provinciam

69 3141 191 3206 aomissi
205 3148 318 3204 essent
335 3149 370 3202 ut
386 3147 489 3221 equos
506 3141 654 3222 aliasque
676 3139 790 3222 copias
812 3139 1006 3204 colonorum
1030 3149 1196 3219 raperent,

147 3349 170 3384 a.
194 3335 247 3386 ut:
290 3349 330 3385 as.
346 3363 382 3372 -
399 3335 546 3385 solebant:
582 3348 620 3384 sc.
718 3350 757 3384 10.
783 3333 974 3400 oppugnabat:
1037 3338 1102 3384 note
1152 3329 1199 3384 the

109 3413 343 3478 iacere-pauci:
370 3411 434 3466 here
458 3411 527 3465 used
551 3428 581 3464 as
605 3429 622 3465 a
672 3420 759 3466 tense.

113 3499 199 3566 (masc.
213 3493 268 3564 pl.)
284 3510 369 3547 noun.
718 3510 758 3556 ¹3·
784 3495 819 3546 ad
846 3508 982 3560 pugnam:
1002 3493 1058 3563 for
1078 3509 1096 3544 a
1118 3490 1200 3544 battle

149 3591 170 3638 3.
194 3577 311 3628 vallum:
332 3573 366 3627 of
382 3590 486 3638 course,
500 3571 531 3627 of
552 3572 623 3625 their
676 3574 815 3645 (merely),
827 3575 872 3627 ie.
890 3582 939 3627 not
956 3573 998 3626 for
1013 3589 1030 3624 a
1042 3570 1195 3640 campaign.

111 3673 165 3711 own
175 3654 495 3725 camp-festinarent:
514 3653 623 3716 festino,
719 3661 759 3706 16.
785 3655 843 3706 cui:
860 3655 915 3724 for
936 3652 1196 3706 whom-omnia:

114 3753 132 3804 1,
153 3738 235 3806 lurry
258 3736 396 3806 along.-
409 3737 502 3801 quod:
528 3738 569 3788 ie.
595 3737 623 3786 id
675 3743 738 3788 note
751 3734 798 3787 the
810 3734 920 3804 gender.

112 3821 179 3884 qnod,
196 3836 213 3871 a
231 3817 314 3886 thing
333 3815 431 3869 wlee‘ele.
446 3846 482 3856 -
493 3817 621 3868 consilio:
720 3822 758 3866 18.
786 3818 831 3866 eo:
856 3813 939 3880 there,
958 3813 999 3866 lit.
1017 3810 1140 3877 tlte'tlrem
1161 3810 1196 3865 cf.

113 3901 201 3968 derige.
359 3960 362 3964 ¹
674 3895 721 3948 the
733 3903 797 3948 note
809 3911 847 3948 on
860 3897 919 3960 quo,
932 3911 960 3963 p.
975 3893 1000 3961 8,
1013 3892 1031 3945 1.
1049 3905 1090 3956 14.
