2920 4296
207 307 249 376 86
534 313 648 372 FIRST
672 263 794 372 mnu
821 313 985 374 READER

208 513 311 575 gnum
319 493 553 576 pollicitusest,
562 494 749 579 poculaque
757 496 991 560 brevldomum
999 497 1107 562 laetus
1115 494 1309 580 reportavit

208 600 346 662 comites
363 599 451 662 enim
468 601 639 680 praetoris,
652 620 728 663 cum
744 600 799 665 ille
816 608 834 664 ἒ
850 611 967 665 somno
983 609 1197 684 experrectus
1214 610 1323 674 esset,

209 703 327 766 audaci
350 703 524 768 mendacio
551 711 602 767 usi
627 712 693 767 non
717 704 952 769 dubitaverunt
973 707 1174 768 confirmare
1194 703 1326 786 pocula

209 806 272 870 sibi
288 815 354 871 non
371 809 474 890 digna
489 807 602 884 videri,
620 827 705 890 quae
721 810 756 871 in
772 807 843 874 eius
859 816 975 874 mensa
990 818 1204 892 ponerentur.

639 1063 824 1129 Lussou
857 1077 897 1143 72

601 1252 726 1317 Indian
751 1252 932 1336 Vengeance

186 1443 201 1498 5
255 1417 334 1480 Indi
359 1414 553 1481 Americani
582 1425 650 1479 non
678 1415 784 1480 solum
811 1437 887 1480 cum
912 1415 1038 1481 colonis
1065 1437 1167 1499 saepe
1191 1414 1325 1481 bellum

212 1528 398 1602 gesserunt,
415 1520 474 1583 sed
489 1520 576 1582 inter
592 1528 628 1582 se
644 1541 776 1604 quoque
799 1527 950 1602 pugndre
968 1527 1214 1594 ¹consueverant
1227 1526 1326 1584 icer-

212 1625 303 1687 rime.
350 1624 444 1688 Sicut
457 1624 493 1685 in
511 1624 683 1687 Britannia
700 1625 797 1687 Nova
819 1631 876 1686 rex
897 1625 1042 1707 quidam,
1060 1625 1195 1687 nomine
1213 1624 1328 1686 Mian-

212 1730 348 1804 tonirnc'),
376 1729 432 1790 diu
461 1748 521 1809 per
546 1727 684 1791 insidias
710 1735 850 1791 conatus
876 1737 928 1790 est
955 1728 1142 1791 interlicere
1174 1729 1325 1804 Uncanr,

213 1841 326 1916 regern
343 1833 534 1908 finitimum,
551 1841 588 1894 ut
606 1833 679 1915 ipse
702 1833 792 1896 solus
815 1832 956 1895 duarum
979 1833 1153 1895 nationum
1177 1840 1325 1914 regnum

173 1965 204 2002 10
213 1938 395 2015 obtinerem
421 1956 496 1999 cum
520 1945 631 2000 autem
648 1937 712 2000 ista
726 1935 865 1999 consilia
884 1956 960 1999 eurn
976 1936 1179 2000 fefellissent
1197 1938 1324 2011 omnia,

213 2043 323 2105 subito
345 2048 468 2124 magno
486 2061 562 2103 curn
580 2041 725 2104 exercitu
745 2040 778 2103 in
794 2049 895 2103 vicini
914 2041 1002 2103 fines
1025 2061 1125 2123 quarn
1149 2041 1326 2104 celerrime

214 2145 404 2210 contendit:
430 2146 546 2210 Uncas
562 2153 650 2220 vero,
668 2145 711 2207 de
730 2144 802 2208 eius
823 2145 969 2207 adventu
991 2144 1034 2206 ab
1057 2145 1324 2225 exploratoribus

214 2251 334 2313 certior
364 2249 485 2324 factus,
508 2249 620 2330 copias
643 2256 800 2330 coegerat
819 2256 854 2312 et
884 2248 956 2311 sine
987 2255 1080 2311 mora
1106 2248 1149 2311 ad
1174 2269 1325 2330 pugnam

213 2355 384 2436 proiectus
400 2362 459 2416 est.

175 2476 203 2530 ¹5
259 2456 328 2522 Ubi
343 2458 431 2520 acies
448 2457 534 2520 duae
549 2465 731 2520 instructae
747 2465 834 2533 sunt,
849 2457 975 2533 Undis,
992 2457 1130 2538 paulurn
1147 2466 1226 2520 ante
1242 2465 1323 2519 suos

215 2569 421 2643 progressus,
450 2568 486 2622 se
508 2561 595 2624 velle
619 2561 700 2624 dixit
724 2562 832 2623 solum
848 2580 924 2623 cum
954 2561 1221 2624 Miantonimone
1249 2561 1323 2623 solo

215 2666 380 2740 dimicare,
392 2673 430 2727 ut
445 2665 517 2727 sine
533 2666 732 2727 detrimento
744 2672 931 2742 ceterorum
943 2672 996 2727 res
1009 2665 1183 2728 diiudicari
1196 2674 1318 2747 posset.

215 2768 315 2850 Quod
340 2788 416 2831 cum
441 2768 496 2830 ille
520 2776 699 2844 recusaret,
724 2769 841 2832 Uncas
866 2768 1018 2831 consulto
1042 2769 1076 2830 in
1101 2778 1222 2832 terram
1248 2776 1321 2850 pro·

215 2874 328 2954 lapsus
353 2881 414 2948 est,
439 2873 577 2955 eiusque
588 2873 716 2948 milites,
741 2873 885 2935 clamore
909 2871 1051 2948 sublato,
1077 2892 1177 2955 super
1199 2872 1318 2935 ducem

276 3068 301 3104 2.
328 3054 497 3117 experrectus
527 3055 615 3106 esset:
647 3066 740 3118 exper-
836 3067 876 3102 12.
903 3053 1008 3104 lincis:
1029 3049 1071 3104 for
1088 3050 1136 3106 the
1151 3049 1319 3117 declension,

215 3136 309 3200 gisem,
322 3148 348 3200 3,
361 3135 507 3198 -perrectua
520 3148 588 3198 aum,
599 3133 678 3185 wake
693 3137 739 3201 up.
791 3129 824 3184 cf.
837 3129 886 3184 the
898 3140 963 3185 note
976 3148 1014 3186 on
1026 3134 1130 3197 Cereus,
1143 3149 1169 3200 p.
1184 3146 1226 3198 23,
1239 3131 1258 3183 l.
1273 3144 1300 3197 4.

277 3231 302 3277 3·
328 3214 481 3265 mendacio:
509 3215 685 3280 mendacium,
711 3217 739 3281 -ῑ,
836 3218 876 3264 16.
903 3214 988 3264 velle:
1025 3229 1086 3265 was
1113 3211 1321 3280 willing-so-

214 3307 252 3361 N„
265 3293 419 3346 lia—risi:
456 3293 586 3348 translate
615 3311 646 3347 as
675 3293 700 3348 if
723 3310 741 3346 a
791 3294 863 3344 lum:
896 3292 970 3361 pred.
1003 3292 1057 3363 adj.
1083 3290 1148 3344 with
1174 3294 1329 3359 dimicire3·

215 3381 336 3444 present.
791 3382 863 3435 wha't
880 3382 959 3436 other
972 3391 1032 3452 part
1045 3381 1079 3436 of
1088 3382 1189 3451 speech
1206 3381 1257 3436 has
1273 3382 1319 3437 the

276 3474 302 3519 4.
328 3456 412 3520 digna
426 3493 434 3509 .
450 3493 457 3509 .
473 3493 480 3508 .
495 3471 580 3522 quae:
594 3454 658 3509 with
678 3455 742 3510 sub·
791 3479 869 3517 same
880 3462 967 3516 form?
983 3463 1032 3534 (cf.
1046 3462 1066 3517 1.
1082 3465 1125 3534 5).

213 3534 308 3607 junct,
316 3535 425 3604 worthy
435 3542 463 3588 to
478 3537 598 3606 (dignus,
610 3553 645 3603 a,
657 3535 740 3605 um).
839 3559 878 3607 17.
905 3548 1066 3597 ceterorum:
1093 3563 1133 3598 we
1156 3542 1247 3597 would
1271 3559 1320 3614 say

215 3620 367 3668 -mensit
388 3621 491 3682 mensa,
505 3632 555 3682 -ae,
568 3631 605 3680 ru,
617 3618 697 3670 table.
794 3625 811 3656 “
818 3628 845 3675 to
865 3622 912 3677 the
930 3623 1259 3678 others.”—dii1’1dicr’rri:
1281 3624 1321 3675 di·

279 3701 303 3746 8.
330 3697 462 3746 insidias:
482 3713 528 3748 see
541 3696 587 3749 the
600 3696 705 3750 Vocab.
794 3704 889 3770 iudico,
905 3718 927 3770 1,
939 3705 1036 3769 decade,
1050 3720 1081 3757 or
1091 3703 1176 3756 settle.

279 3790 305 3836 9.
331 3775 459 3825 domm:
478 3774 523 3826 tlte
533 3781 597 3828 two.
838 3787 877 3833 ιε.
904 3782 989 3845 quod:
1015 3781 1072 3834 their
1100 3779 1321 3853 (promul).-

265 3869 305 3905 ro.
330 3852 513 3906 fefellissent:
534 3853 693 3908 fromfallo.
793 3859 857 3911 ille:
888 3857 1081 3914 Miantonimo.
