2824 4292
234 379 272 439 24
557 361 670 420 FIRST
696 361 817 420 LATIN
844 363 1009 420 READER

231 539 368 606 herbam
392 543 565 619 latuerant,
585 544 696 607 subito
718 551 837 607 armiti
859 544 1072 608 exsiluerunt.
1119 544 1188 628 Qui
1213 555 1355 621 tamen,

230 666 305 710 cum
321 645 562 710 intellexissent
578 647 717 711 Cercam
734 647 869 711 minime
885 668 960 712 esse
975 650 1135 724 territum,
1154 651 1255 712 humi
1274 661 1352 716 tum
1399 709 1400 722 q

230 751 387 814 sederunt
408 751 613 834 concilioque
636 752 751 816 habito
772 752 911 834 polliciti
932 763 1010 816 sunt
1032 760 1069 816 se
1089 753 1230 818 colonos
1250 754 1353 818 adiri·
1399 743 1400 820 i

230 861 322 919 turos
336 854 371 916 in
386 853 484 931 bello,
501 855 591 937 quod
606 855 653 918 illi
667 875 744 920 cum
762 855 916 940 Philippo
931 857 1104 940 gerebant

651 1114 835 1181 LESSON
867 1132 905 1180 21

580 1281 646 1346 The
669 1283 779 1346 Deatlz
803 1284 845 1366 of
860 1282 979 1367 Philip

231 1550 334 1624 partis
360 1542 423 1606 iter
450 1543 528 1604 lecit
556 1562 616 1622 per
642 1541 751 1618 silvis,
780 1551 814 1605 et
841 1541 988 1624 undique
1016 1543 1128 1607 hostes
1154 1543 1189 1604 in
1217 1543 1344 1624 fugam

230 1646 330 1710 dedit.
377 1645 490 1729 Quire
514 1652 682 1728 postremo
707 1645 882 1728 Philippus
896 1647 970 1728 ipse
985 1653 1099 1728 paucis
1115 1665 1190 1709 cum
1210 1648 1345 1710 comiti-

231 1750 292 1813 bus
308 1769 368 1831 per
382 1751 478 1812 vallis
502 1751 606 1813 multa
629 1749 719 1813 milia
742 1769 900 1831 passuum
917 1749 951 1812 in
970 1751 1111 1832 paludes
1134 1749 1345 1834 longinquis

230 1854 349 1936 lugere
370 1860 505 1918 coaictus
526 1863 578 1917 est
588 1875 595 1930 ;
620 1874 802 1936 numquam
821 1855 910 1917 enim
926 1854 1052 1918 colonis
1068 1861 1105 1917 se
1120 1854 1246 1918 dedere
1263 1863 1344 1918 con-

192 1960 401 2022 rostituerat:
433 1968 512 2040 quin
543 1957 643 2021 etiam
670 1958 758 2034 olim,
785 1977 860 2021 cum
891 1960 1025 2040 quidam
1053 1978 1093 2022 ex
1120 1959 1191 2022 eius
1219 1967 1343 2023 amicis

231 2064 341 2127 dicere
362 2083 462 2126 ausus
484 2072 572 2126 esset
594 2069 711 2144 picem
734 2081 810 2125 cum
827 2070 875 2125 eis
892 2062 1080 2125 faciendam
1101 2081 1185 2136 esse,
1203 2069 1264 2125 rex
1279 2071 1343 2126 irai-

231 2177 285 2230 tus
302 2166 470 2228 hominem
492 2173 552 2229 sui
574 2173 674 2228 mand
692 2166 821 2230 occidit.
870 2167 972 2232 Cuius
988 2175 1036 2229 rei
1053 2165 1233 2230 acerbitate
1250 2188 1342 2231 com-

233 2279 351 2346 motus,
382 2271 486 2333 imiter
513 2278 634 2333 mortui
663 2270 774 2333 statim
802 2270 843 2333 ad
872 2271 1008 2333 colonos
1038 2271 1186 2352 perfugit
1210 2278 1341 2353 eosque

233 2376 389 2438 certiores
411 2374 493 2437 fecit
515 2375 557 2437 de
581 2376 712 2456 palude,
738 2373 795 2436 ubi
821 2374 994 2457 Philippus
1018 2384 1088 2437 tum
1112 2374 1247 2437 latebat

195 2504 222 2557 ¹5
279 2479 396 2561 ltaque
408 2479 476 2542 dux
488 2480 689 2552 colonorum,
702 2488 759 2561 qui
770 2478 892 2541 multos
904 2478 975 2542 dies
988 2479 1112 2542 frustrai
1124 2486 1340 2560 quaesiverat

233 2589 346 2663 regem
368 2583 533 2665 modoque
556 2583 691 2645 domum
716 2583 860 2646 redierat
880 2592 915 2646 ut
940 2578 1074 2646 uxorem
1099 2583 1339 2658 consolarEtur,

234 2689 352 2764 iterum
373 2686 524 2751 celeriter
545 2687 722 2769 profectus
738 2696 798 2763 est,
816 2685 1005 2769 militEsque
1026 2694 1104 2750 suos
1121 2706 1225 2768 prope
1244 2687 1339 2750 illam

234 2791 389 2872 paludem
407 2793 478 2855 sine
495 2797 587 2853 morai
602 2792 765 2854 instruxit.
814 2789 889 2872 Qui
906 2798 942 2852 re
957 2789 1197 2865 animadversi,
1218 2790 1340 2873 Philip-

233 2915 297 2976 pus
317 2894 455 2977 eiusque
471 2896 608 2958 comites
625 2915 685 2976 per
701 2894 804 2957 valles
826 2894 959 2976 longius
974 2895 1094 2975 fugere
1110 2900 1221 2958 coniti
1239 2904 1337 2971 sunt;

193 3005 291 3069 mrex
301 3005 380 3062 vero
396 2999 520 3074 infelix,
534 2998 738 3079 interceptus
754 3005 774 3060 ai
791 2997 949 3062 militibus
966 2999 1071 3081 quiin
1088 2998 1339 3068 silvicollocaiti

297 3198 320 3232 r.
346 3183 393 3246 qni
404 3182 505 3245 tamen,
518 3194 594 3233 eum:
614 3181 661 3233 but
680 3179 761 3233 when
812 3179 859 3233 the
882 3178 989 3233 various
1008 3178 1152 3249 meanings
1170 3177 1202 3233 oi
1221 3183 1273 3245 res,
1291 3197 1338 3234 see

236 3299 243 3315 .
271 3300 277 3313 .
305 3299 313 3314 .
337 3260 422 3332 they5
451 3258 486 3314 ei.
511 3265 566 3327 qui,
594 3275 663 3327 eum,
685 3277 713 3330 p.
735 3261 760 3326 8,
811 3259 859 3314 the
871 3259 1181 3313 vocab-acerbitite:
1195 3261 1337 3328 acerbitis,

233 3340 252 3394 l.
269 3355 309 3410 13.
811 3342 885 3406 -ttis,
898 3354 936 3406 F„
949 3339 1107 3393 harshness.

295 3439 320 3474 2.
347 3421 754 3490 bumlzcs.p.7,l.4.-tum:
856 3425 1037 3485 13.mortu12
1097 3420 1134 3492 os
1173 3419 1219 3474 the
1260 3423 1333 3475 dead

233 3519 295 3573 may
308 3503 343 3556 be
355 3502 470 3556 omitted
482 3503 512 3556 in
524 3502 695 3557 translation.
805 3501 900 3573 (man)
910 3501 1080 3570 ,·part.,used
1089 3517 1120 3555 as
1129 3517 1146 3554 a
1156 3499 1239 3569 noun,
1245 3517 1326 3557 masc.

295 3599 320 3647 ς.
347 3586 419 3635 suia:
444 3582 489 3635 luis
509 3599 592 3648 orun,·
616 3583 759 3649 cinnum,
810 3582 880 3652 sing.
1091 3639 1094 3646 ⁴

232 3681 258 3733 p.
274 3663 345 3731 11,l.
357 3661 382 3728 6,
395 3662 452 3716 and
465 3663 513 3718 the
525 3672 598 3718 note.
856 3669 896 3715 ιδ.
923 3665 1016 3716 modo:
1038 3663 1193 3732 (buojust.

280 3761 320 3796 ro.
347 3745 474 3810 quidam:
494 3746 702 3797 acertainone.
856 3749 896 3795 ιδ.
923 3747 1029 3809 quire:
1051 3742 1265 3814 cf.p.2o,l.19.

281 3841 321 3876 12.
348 3825 501 3876 hominem:
529 3821 563 3876 ci.
585 3840 612 3892 p.
635 3837 677 3890 20,
697 3824 757 3888 1.4.
855 3841 896 3875 πο.
923 3828 1001 3876 vero:
1024 3825 1069 3876 ale.
1090 3823 1336 3877 tamen-Infelix

233 3908 342 3957 -euiz
364 3903 400 3958 ci.
420 3907 487 3972 anie,
515 3903 535 3956 l.
565 3907 693 3973 5.-rel:
718 3901 761 3957 for
814 3905 899 3977 (icis,
912 3903 999 3973 adj.):
1020 3903 1184 3959 ill-starrcd.

206 1467 220 1521 ς
273 1438 395 1503 Cerceis
422 1457 498 1502 cum
525 1438 576 1500 his
603 1437 701 1502 sociis
729 1447 863 1520 suisque
888 1437 1047 1502 militibus
1069 1440 1135 1502 iam
1159 1445 1284 1502 omnes
1311 1441 1346 1501 in
