2824 4292
423 343 536 401 FIRST
563 343 684 401 LATIN
711 339 875 402 READER
1158 356 1198 426 37

79 547 170 591 cum
199 524 381 602 Hannibal,
406 526 473 588 dux
497 527 692 601 Poenorum,
718 526 763 588 ibi
785 525 921 590 insidias
946 529 1030 590 clam
1054 527 1198 591 fecisset.

84 632 292 697 Secundum
309 631 386 694 litus
405 640 456 694 est
472 631 525 693 via
544 641 697 712 angusta,
716 641 786 694 tum
808 641 881 712 agri
901 641 1016 714 aperti.
1065 633 1105 695 In
1126 634 1200 696 loco

82 745 214 819 aperto
243 737 417 800 Hannibal
443 746 552 800 castra
579 736 697 818 posuit,
727 737 847 800 milites
877 748 987 801 autem
1016 740 1139 802 multos
1164 742 1199 802 in

11 909 33 932 h
85 841 232 906 latebris
249 863 353 925 prope
372 844 459 905 viam
476 843 659 905 collocavit.
707 843 804 918 Tum,
822 863 897 906 cum
916 845 1060 907 Romani
1075 851 1201 908 temere

50 964 69 1017 5
85 947 146 1008 viai
160 954 305 1030 angusta
318 948 359 1010 ad
372 945 695 1010 Hannibaliscastra
706 967 823 1011 versus
839 949 902 1010 iter
917 948 1076 1024 iacerent,
1091 947 1202 1012 subito

87 1051 201 1114 Poeni
224 1060 243 1114 ἐ
265 1051 400 1115 latebris
424 1057 605 1132 eruperunt
631 1061 665 1114 et
689 1050 794 1114 hostis
818 1051 1010 1132 perterritos
1033 1053 1068 1113 in
1091 1051 1200 1115 lacum

87 1155 337 1238 compulerunt.

520 1322 705 1387 LESSON
740 1339 779 1401 33

401 1507 508 1570 Later
527 1508 654 1570 Events
677 1508 718 1588 of
734 1507 788 1569 tlte
820 1507 899 1571 War

140 1674 214 1736 Etsi
235 1674 268 1736 in
290 1670 423 1754 proelio,
441 1671 482 1732 de
502 1678 568 1753 quo
590 1677 691 1758 supra
713 1671 787 1745 dixi,
806 1671 892 1734 Galli
913 1672 1084 1734 victoriam
1106 1680 1202 1734 erant

92 1778 210 1858 adepti
233 1775 451 1856 Britannique
472 1774 594 1838 exiliis
622 1773 813 1855 regionibus
832 1775 1003 1837 celerrime
1019 1782 1054 1837 se
1070 1783 1203 1855 recepe·

49 1912 83 1947 10
94 1890 179 1957 rant,
194 1879 413 1960 Vasingtonis
428 1886 540 1941 tamen
559 1877 714 1940 virtutem
731 1884 847 1940 omues
860 1876 1049 1941 laudabant.
1091 1878 1200 1960 Quem

94 1984 196 2067 igitur
223 1983 340 2057 coloni,
371 1981 475 2063 copiis
499 1988 569 2044 toni
599 2001 640 2044 ex
671 1980 841 2063 provincia
873 1989 1005 2057 coactis,
1035 2001 1200 2044 summum

96 2089 249 2151 fecerunt
264 2088 383 2150 ducem
401 2093 434 2149 et
449 2087 484 2148 in
501 2093 631 2149 montes
651 2105 725 2148 cum
743 2087 888 2148 exercitu
905 2086 948 2147 ad
969 2088 1072 2149 hostis
1089 2105 1201 2148 arcen-

96 2193 156 2256 dos
174 2199 352 2268 miserunt3
377 2190 434 2254 ubi
449 2189 573 2255 bellum
591 2211 667 2253 cum
681 2191 785 2254 Gallis
802 2198 983 2273 eorumque
1001 2192 1097 2253 sociis
1114 2197 1202 2252 men-

98 2305 150 2360 ses
171 2298 291 2359 multds
308 2295 450 2358 feliciter
472 2296 594 2376 gessit:
617 2295 790 2377 tribusque
814 2304 890 2377 post
914 2304 1019 2371 annis,
1038 2315 1113 2358 cum
1136 2294 1201 2358 iam

58 2401 313 2482 15imperait6rcs
348 2401 537 2481 complures
569 2406 587 2461 ἓ
619 2398 790 2461 Britannia
820 2399 861 2462 ad
887 2399 1080 2463 Americam
1112 2399 1204 2462 missi

99 2514 218 2580 essent,
236 2511 303 2566 imi
320 2524 395 2567 cum
414 2505 530 2584 legitis
548 2504 620 2566 aliis
641 2503 790 2585 legiones
807 2503 968 2586 quasdam
987 2504 1078 2566 illee
1100 2505 1203 2566 Penn-

101 2610 247 2694 sylvenia
264 2615 356 2672 trains
377 2615 509 2672 montes
526 2608 619 2670 drixit
636 2617 736 2689 atque
753 2607 867 2670 hostes
884 2627 923 2670 ex
940 2617 988 2670 eis
1004 2608 1084 2671 locis
1101 2607 1204 2670 disce=

101 2714 175 2778 dere
192 2712 311 2794 coegit,
325 2711 382 2775 ubi
397 2712 445 2775 illi
457 2713 626 2795 quondam
641 2711 811 2774 Britannis
826 2720 956 2774 tautum
968 2712 1202 2775 detrimentum

102 2817 286 2881 intulerant.
1032 2901 1034 2905 ι

64 2947 95 2981 20
145 2921 220 3003 Qud
246 2922 457 2984 incommodo
487 2928 636 3003 accepto,
665 2921 753 2983 Galli
782 2930 895 2983 tamen
926 2919 1063 2982 minime
1092 2921 1205 2983 animo

104 3026 233 3088 demissi
248 3024 372 3088 bellum
389 3024 468 3086 alibi
484 3026 604 3086 aieriter
616 3031 814 3105 gesserunt3
839 3044 915 3086 nam
934 3024 1020 3099 Indi,
1038 3031 1205 3106 quierant

105 3149 206 3212 paene
227 3136 343 3192 omnes
364 3135 470 3204 amici,
494 3136 551 3191 eos
571 3126 725 3190 omnibus
747 3128 854 3191 modis
876 3127 1088 3191 adiuvabant.
1137 3128 1204 3192 Sed

160 3340 181 3374 ι.
207 3323 236 3374 ln
259 3324 317 3374 loci)
335 3323 444 3386 aperti:
478 3318 570 3390 freely,
595 3321 626 3373 in
724 3337 762 3371 10.
788 3334 883 3385 quem:
913 3329 963 3373 not
981 3319 1092 3374 relative
1111 3319 1140 3372 in
1159 3319 1206 3373 the

105 3405 145 3458 tlte
155 3407 241 3473 open3
260 3402 300 3455 lit.
310 3401 384 3454 what
398 3401 410 3454 i
678 3400 797 3470 English
811 3400 982 3455 translation.

161 3499 182 3548 5.
207 3485 254 3536 vii
284 3485 416 3547 angusti:
447 3480 489 3535 for
518 3489 626 3550 syntax,
724 3488 761 3532 18.
787 3483 939 3533 Britannis:
954 3481 1009 3534 dat.
1023 3498 1099 3546 case3
1118 3488 1206 3533 trans-

107 3565 136 3620 ci.
154 3565 198 3619 the
220 3571 286 3618 note
305 3580 343 3616 on
362 3567 424 3629 qui,
444 3579 470 3630 p.
491 3577 515 3630 5,
537 3561 553 3613 l.
577 3576 623 3628 133
677 3562 731 3615 late
745 3563 868 3630 “upon'’

108 3647 164 3701 here
191 3645 238 3699 the
263 3644 316 3699 abl.
342 3659 405 3713 may
429 3642 464 3696 be
491 3641 625 3695 rendered
721 3661 762 3694 πο,
786 3644 877 3694 auimo
909 3644 1036 3695 demissi:
1075 3640 1115 3694 lit.
1148 3646 1206 3694 cast

109 3727 234 3800 “alongst'
675 3725 756 3776 down
778 3724 809 3776 in
837 3724 924 3788 mind
948 3724 993 3775 zie.
1018 3721 1204 3790 dz‘scouragcd.

137 3834 140 3840 ·
162 3815 184 3861 8.
209 3809 287 3860 erant
304 3808 414 3871 adepti:
441 3805 584 3871 adipiscor,
600 3820 625 3872 3,
677 3804 738 3856 The
750 3802 878 3857 ablcase
891 3802 1206 3871 hereexpressasspeci·

109 3892 214 3958 adeptus
225 3903 294 3956 aum,
302 3887 382 3957 gain,
394 3902 427 3940 or
437 3900 537 3938 secure.
676 3882 796 3937 fication.
