2878 4286
550 309 663 367 FIRST
689 308 810 366 LATIN
837 307 1003 364 READER

652 530 835 610 LESSON
866 557 906 623 45

528 730 593 793 Tae
616 729 740 793 Fatlrer
759 732 800 812 af
816 730 869 792 lais
893 727 1054 828 ζιηικὶνγΙ

271 887 360 950 Laus
385 887 528 948 maxima
552 883 753 964 Vasingtoni
772 882 947 946 tribuenda
967 893 1027 956 est,
1049 883 1138 965 quod
1160 889 1196 946 se
1214 890 1335 964 regem

224 992 335 1055 facere
349 991 462 1054 noluit.
503 987 570 1053 Sed
583 989 654 1050 eius
664 995 786 1050 nomen
801 996 913 1050 manet
925 1006 1122 1069 semperque
1134 993 1333 1049 mansurum

225 1096 319 1159 estin
332 1096 450 1156 animis
463 1092 645 1165 bominum,
657 1093 690 1153 in
701 1091 896 1154 aeternitate
907 1100 1105 1172 temporum,
1116 1109 1227 1173 neque
1240 1090 1335 1153 aliud

226 1218 381 1280 umquam
398 1196 441 1260 ab
462 1197 671 1260 Americanis
690 1201 797 1276 aeque
814 1193 986 1256 amabitur.
1035 1194 1138 1276 Quod
1157 1194 1213 1258 ille
1235 1204 1337 1276 pater

201 1303 352 1383 §patriae
375 1301 563 1382 appellatus
586 1309 645 1374 est,
670 1300 722 1361 hic
745 1307 796 1360 est
820 1298 936 1372 honor,
959 1307 1016 1380 qui
1039 1305 1155 1380 paucis
1178 1300 1333 1380 contigit.

227 1405 314 1468 Nam
338 1405 458 1467 abhinc
484 1404 603 1467 multos
627 1411 732 1465 annos
756 1402 874 1465 Cicero
891 1402 937 1465 ita
956 1413 1007 1466 est
1025 1410 1173 1476 vocatus,
1190 1422 1265 1473 cum
1290 1411 1336 1463 vi-

226 1509 325 1572 cisset
341 1517 420 1572 civis
437 1508 609 1590 pessimos,
627 1515 769 1589 quirem
787 1504 955 1587 publicam
979 1508 1119 1589 perdere
1135 1506 1334 1579 voluerant;

226 1621 259 1676 et
282 1613 463 1694 antiquitus
483 1613 545 1675 hoc
564 1610 652 1673 idem
672 1617 859 1690 cognomen
880 1610 1021 1674 Camillo
1039 1617 1059 1673 a
1078 1609 1205 1674 civibus
1226 1616 1335 1691 gratis

225 1716 296 1779 iure
310 1717 424 1779 datum
441 1725 501 1778 est.

188 1838 217 1873 10
271 1821 358 1882 Nam
375 1819 430 1882 ille
445 1820 494 1881 vir
509 1819 688 1892 Romanus,
699 1819 766 1879 dux
783 1818 879 1882 fortis
896 1820 1081 1902 clarusque,
1093 1818 1212 1882 iniuria
1228 1818 1262 1881 in
1280 1819 1335 1882 ins

225 1930 372 1997 vocatus,
386 1924 513 1987 abierat
524 1925 557 1985 in
571 1923 732 1995 exsilium,
747 1922 946 2004 vivebatque
960 1923 1048 2005 apud
1063 1924 1240 1999 Ardeates,
1255 1943 1334 1986 cum

227 2029 313 2092 Galli
330 2027 463 2108 plnrimi
478 2034 570 2089 trans
587 2034 717 2089 montes
734 2027 767 2088 in
788 2011 919 2091 ltaliam
936 2027 1046 2090 subito
1067 2027 1219 2108 profecti,
1239 2047 1336 2108 proe-

227 2131 269 2194 1ἰὸ
292 2138 360 2193 acri
382 2138 532 2193 vicerunt
558 2130 737 2206 Romanos
759 2132 943 2214 urbemque
966 2133 1074 2211 ipsam
1099 2130 1333 2194 incenderunt.

226 2236 313 2296 Tum
331 2234 499 2306 Camillus,
513 2235 653 2296 concilio
670 2243 861 2312 convocato,
875 2235 1044 2297 Ardeates
1061 2234 1211 2296 hortatus
1227 2243 1280 2296 est
1297 2243 1335 2296 ut

188 2317 383 2407 naudac'ter
398 2337 485 2399 fines
502 2337 724 2401 defenderent
741 2348 828 2414 suos,
848 2341 1075 2420 Romanisque
1095 2338 1226 2401 fortiter
1242 2339 1335 2400 auxi-

227 2440 306 2502 lium
330 2440 466 2503 ferrent.
516 2442 643 2522 Itaque,
662 2442 717 2504 illo
733 2443 827 2517 duce,
848 2443 1009 2524 oppidani
1030 2448 1131 2504 noctir
1151 2441 1238 2504 clam
1259 2461 1335 2522 pro

225 2543 314 2619 fecti,
332 2543 365 2606 in
382 2545 544 2626 quosdam
564 2546 687 2620 Gallos,
706 2554 763 2629 qui
785 2547 857 2610 sine
879 2545 1039 2609 custodiis
1060 2545 1094 2607 in
1110 2552 1192 2626 agro
1213 2553 1334 2626 aperto

272 2727 294 2760 1.
321 2711 381 2760 leus
410 2711 522 2780 (leudis,
558 2711 635 2776 F.):‘
654 2713 748 2765 credit.
794 2713 874 2783 feam
895 2730 989 2777 masc„
1003 2729 1033 2765 as
1050 2727 1134 2764 noun.
1149 2711 1332 2774 ‘-contigit:

225 2791 409 2842 -tribnende
423 2793 480 2842 est:
500 2793 525 2842 is
538 2793 591 2843 dua
606 2794 717 2862 (tribuo,
726 2808 750 2859 3,
803 2795 936 2857 contingo,
956 2809 980 2860 3.
1000 2793 1074 2856 aigi,
1090 2790 1154 2861 fall
1173 2792 1215 2858 (to
1231 2789 1278 2842 tlte
1295 2791 1335 2843 lot

225 2871 317 2935 tribui,
335 2873 463 2936 tributus,
479 2874 551 2940 give,
573 2889 604 2924 or
624 2873 751 2939 ascribe).
802 2874 864 2944 os),
883 2890 915 2926 or
932 2873 1042 2942 huppen
1063 2872 1132 2941 (to).

225 2954 353 3016 -quodr
373 2951 435 3004 that
451 2951 668 3022 (conjunction).
865 2970 890 3018 7.
917 2955 1041 3018 perdere:
1064 2953 1154 3018 perdo,
1173 2967 1197 3020 3,
1215 2953 1333 3019 perdidi,

270 3048 295 3083 a.
321 3036 475 3084 minantum
501 3034 559 3084 est:
587 3032 620 3086 cs.
644 3032 752 3086 futurus
803 3036 934 3102 perditus,
947 3034 1024 3086 rain.

226 3115 293 3179 erat,
305 3129 331 3182 p.
344 3127 387 3181 31,
400 3112 417 3165 l.
431 3126 456 3180 7.
865 3123 890 3168 8.
913 3117 1074 3179 cognomen:
1090 3115 1332 3180 cognomem-inie,

270 3210 293 3256 3.
318 3195 497 3246 aeternitate:
593 3197 751 3262 edomites,
802 3211 843 3259 w„
855 3195 923 3248 title.
935 3198 1079 3260 -gritisz
1094 3193 1231 3264 grateful.

115 3295 117 3300 ·
226 3275 301 3340 atie,
331 3288 368 3339 m,
399 3275 503 3327 andlcss
533 3280 751 3329 eatena-tem·
849 3295 889 3328 11.
916 3279 1062 3329 Ardeatis:
1080 3275 1332 3346 peopleasArdea

226 3368 335 3421 porum:
360 3355 405 3408 tha
425 3359 637 3424 agen-eliud:
664 3357 747 3427 (any)
805 3361 836 3427 (a
849 3365 922 3412 town
938 3358 1023 3411 about
1038 3365 1140 3426 twenty
1154 3355 1231 3409 miles
1247 3355 1331 3408 south

225 3433 309 3487 athar.
803 3435 834 3491 of
845 3438 957 3505 Rome).

269 3533 295 3580 4.
321 3522 429 3583 aeque:
470 3518 540 3582 adu,
579 3519 695 3588 equally.
716 3549 752 3558 -
849 3535 887 3569 12.
913 3520 999 3570 Gelli:
1020 3517 1066 3569 tlte
1085 3515 1181 3577 Caela,
1196 3532 1213 3568 a
1231 3515 1330 3585 people
1373 3560 1376 3565 .

226 3598 311 3663 quod:
332 3615 365 3650 as
371 3599 424 3667 sor
435 3598 479 3651 tae
483 3600 550 3668 fact
562 3600 630 3651 thal.
803 3598 957 3668 inhabiting
968 3598 1015 3650 the
1029 3604 1143 3666 country
1152 3612 1214 3648 now
1226 3595 1329 3649 known

270 3692 293 3742 5.
319 3681 362 3730 bic
387 3682 445 3731 est:
478 3679 534 3731 this
565 3683 607 3743 is‚·
638 3679 680 3733 lor
704 3679 750 3733 the
802 3696 832 3732 as
847 3681 959 3732 France.

225 3759 337 3829 gender,
366 3759 400 3814 ef.
431 3759 478 3812 tbe
508 3767 572 3812 note
603 3776 639 3813 on
671 3763 750 3826 qnod,
847 3777 887 3822 13.
913 3758 1066 3814 urbem:cf.
1076 3758 1123 3812 the
1133 3765 1198 3812 note
1208 3774 1246 3810 on
1255 3761 1329 3824 urbe,

226 3856 252 3907 p.
275 3855 317 3907 30,
340 3838 357 3891 Ι.
381 3841 407 3892 6.
422 3843 578 3904 —paucisz
613 3839 704 3908 (only)
731 3857 750 3892 a
801 3838 913 3908 p.48,l.
928 3853 953 3906 3.
