<?xml version="1.0" encoding="UTF-8"?>
<!DOCTYPE html PUBLIC "-//W3C//DTD XHTML 1.0 Transitional//EN"
    "http://www.w3.org/TR/xhtml1/DTD/xhtml1-transitional.dtd">
<html xmlns="http://www.w3.org/1999/xhtml" xml:lang="en" lang="en">
 <head>
  <title>
</title>
<meta http-equiv="Content-Type" content="text/html;charset=utf-8" />
  <meta name='ocr-system' content='tesseract 3.04.00' />
  <meta name='ocr-capabilities' content='ocr_page ocr_carea ocr_par ocr_line ocrx_word'/>
</head>
<body>
  <div class='ocr_page' id='page_1' title='image "./afirstlatinread01nuttgoog_0139.png"; bbox 0 0 2920 4296; ppageno 0'>
   <div class='ocr_carea' id='block_1_1' title="bbox 202 319 975 386">
    <p class='ocr_par' dir='ltr' id='par_1_1' title="bbox 202 319 975 386">
     <span class='ocr_line' id='line_1_1' title="bbox 202 319 975 386; baseline 0 -2"><span class='ocrx_word' id='word_1_1' title='bbox 202 319 262 386; x_wconf 81' lang='lat'>126</span> <span class='ocrx_word' id='word_1_2' title='bbox 523 323 637 382; x_wconf 86' lang='lat' dir='ltr'><strong>FIRST</strong></span> <span class='ocrx_word' id='word_1_3' title='bbox 661 323 785 384; x_wconf 83' lang='lat' dir='ltr'>LATIN</span> <span class='ocrx_word' id='word_1_4' title='bbox 810 326 975 385; x_wconf 89' lang='lat' dir='ltr'><strong>READER</strong></span> 
     </span>
    </p>
   </div>
   <div class='ocr_carea' id='block_1_2' title="bbox 163 500 1306 1814">
    <p class='ocr_par' dir='ltr' id='par_1_2' title="bbox 176 500 1305 1418">
     <span class='ocr_line' id='line_1_2' title="bbox 200 500 1302 588; baseline 0.005 -23"><span class='ocrx_word' id='word_1_5' title='bbox 200 500 348 567; x_wconf 76' lang='lat' dir='ltr'>subsidio</span> <span class='ocrx_word' id='word_1_6' title='bbox 357 510 472 568; x_wconf 89' lang='lat' dir='ltr'>venire</span> <span class='ocrx_word' id='word_1_7' title='bbox 483 513 614 586; x_wconf 82' lang='lat' dir='ltr'>posset3</span> <span class='ocrx_word' id='word_1_8' title='bbox 631 511 668 567; x_wconf 69' lang='lat' dir='ltr'>se</span> <span class='ocrx_word' id='word_1_9' title='bbox 677 515 789 568; x_wconf 89' lang='lat' dir='ltr'>tamen</span> <span class='ocrx_word' id='word_1_10' title='bbox 803 504 941 568; x_wconf 84' lang='lat' dir='ltr'>invitum</span> <span class='ocrx_word' id='word_1_11' title='bbox 952 516 1061 569; x_wconf 89' lang='lat' dir='ltr'>castra</span> <span class='ocrx_word' id='word_1_12' title='bbox 1074 513 1302 588; x_wconf 57' lang='lat' dir='ltr'>oppugnasse,</span> 
     </span>
     <span class='ocr_line' id='line_1_3' title="bbox 200 606 1304 674; baseline 0.003 -4"><span class='ocrx_word' id='word_1_13' title='bbox 200 606 258 670; x_wconf 92' lang='lat' dir='ltr'>sed</span> <span class='ocrx_word' id='word_1_14' title='bbox 275 607 438 670; x_wconf 58' lang='lat' dir='ltr'>voluntati</span> <span class='ocrx_word' id='word_1_15' title='bbox 453 615 637 672; x_wconf 61' lang='lat' dir='ltr'>citerorum</span> <span class='ocrx_word' id='word_1_16' title='bbox 655 607 825 672; x_wconf 76' lang='lat' dir='ltr'>Gallorum</span> <span class='ocrx_word' id='word_1_17' title='bbox 843 611 1010 673; x_wconf 59' lang='lat' dir='ltr'>civitatem</span> <span class='ocrx_word' id='word_1_18' title='bbox 1028 630 1121 673; x_wconf 88' lang='lat' dir='ltr'>suam</span> <span class='ocrx_word' id='word_1_19' title='bbox 1145 612 1304 674; x_wconf 89' lang='lat' dir='ltr'>resistere</span> 
     </span>
     <span class='ocr_line' id='line_1_4' title="bbox 199 711 1304 796; baseline 0.002 -23"><span class='ocrx_word' id='word_1_20' title='bbox 199 717 267 775; x_wconf 80' lang='lat' dir='ltr'>non</span> <span class='ocrx_word' id='word_1_21' title='bbox 297 713 454 793; x_wconf 89' lang='lat' dir='ltr'>potuisse.</span> <span class='ocrx_word' id='word_1_22' title='bbox 512 711 613 775; x_wconf 86' lang='lat' dir='ltr'>“Nec</span> <span class='ocrx_word' id='word_1_23' title='bbox 644 713 787 788; x_wconf 88' lang='lat' dir='ltr'>tamen,”</span> <span class='ocrx_word' id='word_1_24' title='bbox 819 714 936 796; x_wconf 91' lang='lat' dir='ltr'>inquit,</span> <span class='ocrx_word' id='word_1_25' title='bbox 970 715 1152 779; x_wconf 89' lang='lat' dir='ltr'>“Caesaris</span> <span class='ocrx_word' id='word_1_26' title='bbox 1180 716 1215 776; x_wconf 91' lang='lat' dir='ltr'>in</span> <span class='ocrx_word' id='word_1_27' title='bbox 1248 719 1304 776; x_wconf 74' lang='lat' dir='ltr'>me</span> 
     </span>
     <span class='ocr_line' id='line_1_5' title="bbox 199 813 1305 900; baseline 0 -22"><span class='ocrx_word' id='word_1_28' title='bbox 199 813 438 879; x_wconf 74' lang='lat' dir='ltr'>beneficiorum</span> <span class='ocrx_word' id='word_1_29' title='bbox 461 816 634 879; x_wconf 88' lang='lat' dir='ltr'>immemor</span> <span class='ocrx_word' id='word_1_30' title='bbox 660 835 753 893; x_wconf 89' lang='lat' dir='ltr'>sum;</span> <span class='ocrx_word' id='word_1_31' title='bbox 784 815 896 898; x_wconf 89' lang='lat' dir='ltr'>itaque</span> <span class='ocrx_word' id='word_1_32' title='bbox 920 824 978 881; x_wconf 75' lang='lat' dir='ltr'>vos</span> <span class='ocrx_word' id='word_1_33' title='bbox 1002 837 1206 900; x_wconf 85' lang='lat' dir='ltr'>magnopere</span> <span class='ocrx_word' id='word_1_34' title='bbox 1228 818 1305 880; x_wconf 92' lang='lat' dir='ltr'>hor-</span> 
     </span>
     <span class='ocr_line' id='line_1_6' title="bbox 176 919 1305 1003; baseline -0.002 -20"><span class='ocrx_word' id='word_1_35' title='bbox 176 927 260 1000; x_wconf 77' lang='lat' dir='ltr'>5tor,</span> <span class='ocrx_word' id='word_1_36' title='bbox 288 929 324 982; x_wconf 91' lang='lat' dir='ltr'>ut</span> <span class='ocrx_word' id='word_1_37' title='bbox 355 939 455 1001; x_wconf 89' lang='lat' dir='ltr'>quam</span> <span class='ocrx_word' id='word_1_38' title='bbox 487 919 658 983; x_wconf 74' lang='lat' dir='ltr'>celerrime</span> <span class='ocrx_word' id='word_1_39' title='bbox 688 921 870 983; x_wconf 87' lang='lat' dir='ltr'>exercitum</span> <span class='ocrx_word' id='word_1_40' title='bbox 901 930 1048 984; x_wconf 89' lang='lat' dir='ltr'>vestrum</span> <span class='ocrx_word' id='word_1_41' title='bbox 1079 923 1119 984; x_wconf 89' lang='lat' dir='ltr'>ad</span> <span class='ocrx_word' id='word_1_42' title='bbox 1150 923 1305 1003; x_wconf 85' lang='lat' dir='ltr'>proxima</span> 
     </span>
     <span class='ocr_line' id='line_1_7' title="bbox 201 1023 1302 1104; baseline 0.001 -19"><span class='ocrx_word' id='word_1_43' title='bbox 201 1023 339 1086; x_wconf 87' lang='lat' dir='ltr'>hiberna</span> <span class='ocrx_word' id='word_1_44' title='bbox 369 1023 551 1086; x_wconf 72' lang='lat' dir='ltr'>dedirefrtis.</span> <span class='ocrx_word' id='word_1_45' title='bbox 614 1025 741 1104; x_wconf 86' lang='lat' dir='ltr'>Magna</span> <span class='ocrx_word' id='word_1_46' title='bbox 770 1023 859 1087; x_wconf 89' lang='lat' dir='ltr'>enim</span> <span class='ocrx_word' id='word_1_47' title='bbox 900 1044 1018 1088; x_wconf 90' lang='lat' dir='ltr'>manus</span> <span class='ocrx_word' id='word_1_48' title='bbox 1058 1027 1302 1090; x_wconf 75' lang='lat' dir='ltr'>Germainorum</span> 
     </span>
     <span class='ocr_line' id='line_1_8' title="bbox 203 1127 1305 1209; baseline 0 -19"><span class='ocrx_word' id='word_1_49' title='bbox 203 1127 358 1190; x_wconf 74' lang='lat' dir='ltr'>Rhenum</span> <span class='ocrx_word' id='word_1_50' title='bbox 383 1135 490 1209; x_wconf 76' lang='lat' dir='ltr'>miper</span> <span class='ocrx_word' id='word_1_51' title='bbox 519 1127 658 1202; x_wconf 62' lang='lat' dir='ltr'>transiit,</span> <span class='ocrx_word' id='word_1_52' title='bbox 684 1135 824 1209; x_wconf 76' lang='lat' dir='ltr'>quorum</span> <span class='ocrx_word' id='word_1_53' title='bbox 856 1129 1061 1191; x_wconf 70' lang='lat' dir='ltr'>multitidini</span> <span class='ocrx_word' id='word_1_54' title='bbox 1086 1127 1178 1191; x_wconf 78' lang='lat' dir='ltr'>millo</span> <span class='ocrx_word' id='word_1_55' title='bbox 1201 1128 1305 1190; x_wconf 75' lang='lat' dir='ltr'>modo</span> 
     </span>
     <span class='ocr_line' id='line_1_9' title="bbox 201 1229 1302 1313; baseline -0.001 -19"><span class='ocrx_word' id='word_1_56' title='bbox 201 1232 355 1296; x_wconf 86' lang='lat' dir='ltr'>resistere</span> <span class='ocrx_word' id='word_1_57' title='bbox 371 1232 530 1313; x_wconf 87' lang='lat' dir='ltr'>poteritis.</span> <span class='ocrx_word' id='word_1_58' title='bbox 577 1231 690 1313; x_wconf 64' lang='lat' dir='ltr'>Quare</span> <span class='ocrx_word' id='word_1_59' title='bbox 713 1230 811 1295; x_wconf 78' lang='lat' dir='ltr'>salsiti</span> <span class='ocrx_word' id='word_1_60' title='bbox 828 1243 957 1295; x_wconf 88' lang='lat' dir='ltr'>vestrae</span> <span class='ocrx_word' id='word_1_61' title='bbox 977 1233 1087 1294; x_wconf 86' lang='lat' dir='ltr'>statim</span> <span class='ocrx_word' id='word_1_62' title='bbox 1104 1229 1302 1295; x_wconf 78' lang='lat' dir='ltr'>consulite.’&#39;</span> 
     </span>
     <span class='ocr_line' id='line_1_10' title="bbox 202 1334 1304 1418; baseline -0.002 -18"><span class='ocrx_word' id='word_1_63' title='bbox 202 1335 308 1400; x_wconf 90' lang='lat' dir='ltr'>Simul</span> <span class='ocrx_word' id='word_1_64' title='bbox 324 1335 490 1418; x_wconf 87' lang='lat' dir='ltr'><strong>pollicitus</strong></span> <span class='ocrx_word' id='word_1_65' title='bbox 513 1344 565 1398; x_wconf 91' lang='lat' dir='ltr'>est</span> <span class='ocrx_word' id='word_1_66' title='bbox 587 1342 623 1398; x_wconf 71' lang='lat' dir='ltr'>se</span> <span class='ocrx_word' id='word_1_67' title='bbox 648 1336 819 1398; x_wconf 67' lang='lat' dir='ltr'>Romenos</span> <span class='ocrx_word' id='word_1_68' title='bbox 841 1356 903 1417; x_wconf 90' lang='lat' dir='ltr'>per</span> <span class='ocrx_word' id='word_1_69' title='bbox 925 1337 1004 1398; x_wconf 78' lang='lat' dir='ltr'>finis</span> <span class='ocrx_word' id='word_1_70' title='bbox 1025 1343 1103 1398; x_wconf 79' lang='lat' dir='ltr'>suos</span> <span class='ocrx_word' id='word_1_71' title='bbox 1119 1334 1304 1398; x_wconf 76' lang='lat' dir='ltr'>incolumes</span> 
     </span>
    </p>

    <p class='ocr_par' dir='ltr' id='par_1_3' title="bbox 163 1439 593 1521">
     <span class='ocr_line' id='line_1_11' title="bbox 163 1439 593 1521; baseline -0.012 -14"><span class='ocrx_word' id='word_1_72' title='bbox 163 1471 193 1507; x_wconf 88' lang='lat'>10</span> <span class='ocrx_word' id='word_1_73' title='bbox 201 1439 263 1503; x_wconf 88' lang='lat' dir='ltr'>iter</span> <span class='ocrx_word' id='word_1_74' title='bbox 278 1439 391 1503; x_wconf 83' lang='lat' dir='ltr'>iacere</span> <span class='ocrx_word' id='word_1_75' title='bbox 407 1445 593 1521; x_wconf 75' lang='lat' dir='ltr'>passiirum.</span> 
     </span>
    </p>

    <p class='ocr_par' dir='ltr' id='par_1_4' title="bbox 179 1542 1306 1814">
     <span class='ocr_line' id='line_1_12' title="bbox 179 1542 1305 1624; baseline -0.002 -18"><span class='ocrx_word' id='word_1_76' title='bbox 179 1568 182 1574; x_wconf 93' lang='lat'>·</span> <span class='ocrx_word' id='word_1_77' title='bbox 246 1542 322 1624; x_wconf 69' lang='lat' dir='ltr'>Qui</span> <span class='ocrx_word' id='word_1_78' title='bbox 345 1543 493 1606; x_wconf 59' lang='lat' dir='ltr'>oratione</span> <span class='ocrx_word' id='word_1_79' title='bbox 520 1542 642 1618; x_wconf 70' lang='lat' dir='ltr'>habiti,</span> <span class='ocrx_word' id='word_1_80' title='bbox 663 1543 815 1607; x_wconf 87' lang='lat' dir='ltr'>discessit</span> <span class='ocrx_word' id='word_1_81' title='bbox 841 1542 1164 1620; x_wconf 74' lang='lat' dir='ltr'>Ambiorix3ni&#39;1ntii</span> <span class='ocrx_word' id='word_1_82' title='bbox 1191 1551 1305 1606; x_wconf 91' lang='lat' dir='ltr'>autem</span> 
     </span>
     <span class='ocr_line' id='line_1_13' title="bbox 201 1645 1306 1730; baseline -0.001 -21"><span class='ocrx_word' id='word_1_83' title='bbox 201 1646 369 1710; x_wconf 70' lang='lat' dir='ltr'>redierunt</span> <span class='ocrx_word' id='word_1_84' title='bbox 391 1647 426 1709; x_wconf 91' lang='lat' dir='ltr'>in</span> <span class='ocrx_word' id='word_1_85' title='bbox 457 1656 566 1710; x_wconf 88' lang='lat' dir='ltr'>castra</span> <span class='ocrx_word' id='word_1_86' title='bbox 597 1646 791 1730; x_wconf 59' lang='lat' dir='ltr'>legatosque</span> <span class='ocrx_word' id='word_1_87' title='bbox 822 1647 864 1709; x_wconf 76' lang='lat' dir='ltr'>de</span> <span class='ocrx_word' id='word_1_88' title='bbox 894 1648 983 1728; x_wconf 75' lang='lat' dir='ltr'>regis</span> <span class='ocrx_word' id='word_1_89' title='bbox 998 1645 1115 1710; x_wconf 71' lang='lat' dir='ltr'>verbis</span> <span class='ocrx_word' id='word_1_90' title='bbox 1145 1646 1306 1722; x_wconf 65' lang='lat' dir='ltr'>certiores</span> 
     </span>
     <span class='ocr_line' id='line_1_14' title="bbox 195 1750 364 1814; baseline 0.012 -2"><span class='ocrx_word' id='word_1_91' title='bbox 195 1750 364 1814; x_wconf 70' lang='lat' dir='ltr'>&#39;iecerunt</span> 
     </span>
    </p>
   </div>
   <div class='ocr_carea' id='block_1_3' title="bbox 612 1948 890 2028">
    <p class='ocr_par' dir='ltr' id='par_1_5' title="bbox 612 1948 890 2028">
     <span class='ocr_line' id='line_1_15' title="bbox 612 1948 890 2028; baseline 0.004 -16"><span class='ocrx_word' id='word_1_92' title='bbox 612 1948 796 2014; x_wconf 75' lang='lat' dir='ltr'>Lnsson</span> <span class='ocrx_word' id='word_1_93' title='bbox 832 1964 890 2028; x_wconf 86' lang='lat'>103</span> 
     </span>
    </p>
   </div>
   <div class='ocr_carea' id='block_1_4' title="bbox 355 2130 1154 2216">
    <p class='ocr_par' dir='ltr' id='par_1_6' title="bbox 355 2130 1154 2216">
     <span class='ocr_line' id='line_1_16' title="bbox 355 2130 1154 2216; baseline 0.001 -20"><span class='ocrx_word' id='word_1_94' title='bbox 355 2133 513 2197; x_wconf 82' lang='lat' dir='ltr'>Division</span> <span class='ocrx_word' id='word_1_95' title='bbox 536 2134 577 2215; x_wconf 87' lang='lat' dir='ltr'>of</span> <span class='ocrx_word' id='word_1_96' title='bbox 594 2131 734 2214; x_wconf 82' lang='lat' dir='ltr'>Opinion</span> <span class='ocrx_word' id='word_1_97' title='bbox 759 2132 794 2195; x_wconf 83' lang='lat' dir='ltr'>in</span> <span class='ocrx_word' id='word_1_98' title='bbox 817 2132 870 2195; x_wconf 79' lang='lat' dir='ltr'>tlte</span> <span class='ocrx_word' id='word_1_99' title='bbox 895 2132 1028 2196; x_wconf 86' lang='lat' dir='ltr'><em>Roman</em></span> <span class='ocrx_word' id='word_1_100' title='bbox 1053 2130 1154 2216; x_wconf 78' lang='lat' dir='ltr'><em>Camp</em></span> 
     </span>
    </p>
   </div>
   <div class='ocr_carea' id='block_1_5' title="bbox 161 2295 1308 2792">
    <p class='ocr_par' dir='ltr' id='par_1_7' title="bbox 244 2295 1308 2379">
     <span class='ocr_line' id='line_1_17' title="bbox 244 2295 1308 2379; baseline -0.004 -18"><span class='ocrx_word' id='word_1_101' title='bbox 244 2297 285 2379; x_wconf 89' lang='lat' dir='ltr'>Q.</span> <span class='ocrx_word' id='word_1_102' title='bbox 305 2296 448 2361; x_wconf 90' lang='lat' dir='ltr'>Sabinus</span> <span class='ocrx_word' id='word_1_103' title='bbox 472 2305 506 2359; x_wconf 94' lang='lat' dir='ltr'>et</span> <span class='ocrx_word' id='word_1_104' title='bbox 531 2296 568 2357; x_wconf 94' lang='lat' dir='ltr'>L.</span> <span class='ocrx_word' id='word_1_105' title='bbox 587 2296 685 2360; x_wconf 83' lang='lat' dir='ltr'>Cotta</span> <span class='ocrx_word' id='word_1_106' title='bbox 707 2295 817 2376; x_wconf 68' lang='lat' dir='ltr'>legisti,</span> <span class='ocrx_word' id='word_1_107' title='bbox 835 2302 870 2357; x_wconf 74' lang='lat' dir='ltr'>re</span> <span class='ocrx_word' id='word_1_108' title='bbox 889 2302 1064 2376; x_wconf 68' lang='lat' dir='ltr'>repentini</span> <span class='ocrx_word' id='word_1_109' title='bbox 1088 2303 1238 2376; x_wconf 77' lang='lat' dir='ltr'>permoti,</span> <span class='ocrx_word' id='word_1_110' title='bbox 1265 2315 1308 2359; x_wconf 89' lang='lat' dir='ltr'>ea</span> 
     </span>
    </p>

    <p class='ocr_par' dir='ltr' id='par_1_8' title="bbox 161 2399 1306 2482">
     <span class='ocr_line' id='line_1_18' title="bbox 161 2399 1306 2482; baseline -0.003 -18"><span class='ocrx_word' id='word_1_111' title='bbox 161 2427 190 2482; x_wconf 71' lang='grc' dir='ltr'>ις</span> <span class='ocrx_word' id='word_1_112' title='bbox 199 2399 310 2476; x_wconf 86' lang='lat' dir='ltr'>verba,</span> <span class='ocrx_word' id='word_1_113' title='bbox 335 2409 398 2464; x_wconf 84' lang='lat' dir='ltr'>etsi</span> <span class='ocrx_word' id='word_1_114' title='bbox 427 2399 469 2463; x_wconf 90' lang='lat' dir='ltr'>ab</span> <span class='ocrx_word' id='word_1_115' title='bbox 492 2401 589 2462; x_wconf 89' lang='lat' dir='ltr'>hoste</span> <span class='ocrx_word' id='word_1_116' title='bbox 611 2399 700 2462; x_wconf 88' lang='lat' dir='ltr'>dicta</span> <span class='ocrx_word' id='word_1_117' title='bbox 724 2409 828 2473; x_wconf 87' lang='lat' dir='ltr'>erant,</span> <span class='ocrx_word' id='word_1_118' title='bbox 852 2409 965 2461; x_wconf 85' lang='lat' dir='ltr'>tamen</span> <span class='ocrx_word' id='word_1_119' title='bbox 997 2406 1064 2461; x_wconf 80' lang='lat' dir='ltr'>non</span> <span class='ocrx_word' id='word_1_120' title='bbox 1091 2399 1306 2480; x_wconf 86' lang='lat' dir='ltr'>neglegenda</span> 
     </span>
    </p>

    <p class='ocr_par' dir='ltr' id='par_1_9' title="bbox 200 2502 1306 2689">
     <span class='ocr_line' id='line_1_19' title="bbox 200 2502 1306 2585; baseline -0.005 -17"><span class='ocrx_word' id='word_1_121' title='bbox 200 2524 274 2568; x_wconf 89' lang='lat' dir='ltr'>esse</span> <span class='ocrx_word' id='word_1_122' title='bbox 284 2502 536 2579; x_wconf 63' lang='lat' dir='ltr'>existimabant3</span> <span class='ocrx_word' id='word_1_123' title='bbox 561 2503 681 2585; x_wconf 90' lang='lat' dir='ltr'>itaque,</span> <span class='ocrx_word' id='word_1_124' title='bbox 696 2503 835 2566; x_wconf 77' lang='lat' dir='ltr'>consilio</span> <span class='ocrx_word' id='word_1_125' title='bbox 847 2508 1038 2576; x_wconf 66' lang='lat' dir='ltr'>convocito,</span> <span class='ocrx_word' id='word_1_126' title='bbox 1052 2502 1131 2583; x_wconf 93' lang='lat' dir='ltr'>quid</span> <span class='ocrx_word' id='word_1_127' title='bbox 1141 2503 1306 2584; x_wconf 90' lang='lat' dir='ltr'>optimum</span> 
     </span>
     <span class='ocr_line' id='line_1_20' title="bbox 200 2607 765 2689; baseline -0.005 -18"><span class='ocrx_word' id='word_1_128' title='bbox 200 2607 291 2671; x_wconf 72' lang='lat' dir='ltr'>facti]</span> <span class='ocrx_word' id='word_1_129' title='bbox 308 2616 396 2670; x_wconf 89' lang='lat' dir='ltr'>esset</span> <span class='ocrx_word' id='word_1_130' title='bbox 412 2607 467 2668; x_wconf 84' lang='lat' dir='ltr'>din</span> <span class='ocrx_word' id='word_1_131' title='bbox 485 2607 687 2689; x_wconf 60' lang='lat' dir='ltr'>disputatum</span> <span class='ocrx_word' id='word_1_132' title='bbox 705 2617 765 2669; x_wconf 91' lang='lat' dir='ltr'>est.</span> 
     </span>
    </p>

    <p class='ocr_par' dir='ltr' id='par_1_10' title="bbox 244 2708 1303 2792">
     <span class='ocr_line' id='line_1_21' title="bbox 244 2708 1303 2792; baseline -0.004 -18"><span class='ocrx_word' id='word_1_133' title='bbox 244 2711 384 2775; x_wconf 81' lang='lat' dir='ltr'>Tribimi</span> <span class='ocrx_word' id='word_1_134' title='bbox 395 2712 671 2792; x_wconf 72' lang='lat' dir='ltr'>centurionesque</span> <span class='ocrx_word' id='word_1_135' title='bbox 684 2710 872 2791; x_wconf 74' lang='lat' dir='ltr'>comphires</span> <span class='ocrx_word' id='word_1_136' title='bbox 889 2709 971 2772; x_wconf 91' lang='lat' dir='ltr'>nihil</span> <span class='ocrx_word' id='word_1_137' title='bbox 987 2708 1050 2772; x_wconf 91' lang='lat' dir='ltr'>sibi</span> <span class='ocrx_word' id='word_1_138' title='bbox 1068 2715 1193 2772; x_wconf 75' lang='lat' dir='ltr'>temere</span> <span class='ocrx_word' id='word_1_139' title='bbox 1204 2729 1303 2790; x_wconf 88' lang='lat' dir='ltr'>agen-</span> 
     </span>
    </p>
   </div>
   <div class='ocr_carea' id='block_1_6' title="bbox 199 2888 1309 3925">
    <p class='ocr_par' dir='ltr' id='par_1_11' title="bbox 199 2888 1309 3925">
     <span class='ocr_line' id='line_1_22' title="bbox 199 2888 1308 2960; baseline -0.005 -17"><span class='ocrx_word' id='word_1_140' title='bbox 199 2905 269 2956; x_wconf 90' lang='lat'>4000</span> <span class='ocrx_word' id='word_1_141' title='bbox 293 2889 420 2960; x_wconf 84' lang='lat' dir='ltr'>infantry,</span> <span class='ocrx_word' id='word_1_142' title='bbox 437 2888 645 2960; x_wconf 88' lang='lat' dir='ltr'>supplemented</span> <span class='ocrx_word' id='word_1_143' title='bbox 666 2905 726 2942; x_wconf 90' lang='lat' dir='ltr'>usu·</span> <span class='ocrx_word' id='word_1_144' title='bbox 838 2901 862 2950; x_wconf 82' lang='lat'>5.</span> <span class='ocrx_word' id='word_1_145' title='bbox 886 2889 1023 2938; x_wconf 83' lang='lat' dir='ltr'>vestrum:</span> <span class='ocrx_word' id='word_1_146' title='bbox 1037 2889 1135 2952; x_wconf 77' lang='lat' dir='ltr'>vester,</span> <span class='ocrx_word' id='word_1_147' title='bbox 1143 2889 1204 2952; x_wconf 66' lang='lat' dir='ltr'>tre,</span> <span class='ocrx_word' id='word_1_148' title='bbox 1212 2889 1308 2952; x_wconf 81' lang='lat' dir='ltr'>-tmm,</span> 
     </span>
     <span class='ocr_line' id='line_1_23' title="bbox 199 2969 853 3041; baseline -0.009 -16"><span class='ocrx_word' id='word_1_149' title='bbox 199 2971 253 3041; x_wconf 87' lang='lat' dir='ltr'>ally</span> <span class='ocrx_word' id='word_1_150' title='bbox 266 2971 303 3040; x_wconf 87' lang='lat' dir='ltr'>by</span> <span class='ocrx_word' id='word_1_151' title='bbox 314 2988 331 3024; x_wconf 89' lang='lat' dir='ltr'>a</span> <span class='ocrx_word' id='word_1_152' title='bbox 343 2970 421 3024; x_wconf 88' lang='lat' dir='ltr'>small</span> <span class='ocrx_word' id='word_1_153' title='bbox 435 2970 609 3024; x_wconf 85' lang='lat' dir='ltr'>detachment</span> <span class='ocrx_word' id='word_1_154' title='bbox 623 2969 654 3023; x_wconf 84' lang='lat' dir='ltr'>of</span> <span class='ocrx_word' id='word_1_155' title='bbox 667 2985 726 3022; x_wconf 85' lang='lat' dir='ltr'>cav-</span> <span class='ocrx_word' id='word_1_156' title='bbox 769 2983 853 3034; x_wconf 82' lang='lat' dir='ltr'><em>your.</em></span> 
     </span>
     <span class='ocr_line' id='line_1_24' title="bbox 199 3046 1211 3122; baseline -0.009 -17"><span class='ocrx_word' id='word_1_157' title='bbox 199 3052 265 3122; x_wconf 88' lang='lat' dir='ltr'>alry,</span> <span class='ocrx_word' id='word_1_158' title='bbox 275 3051 374 3121; x_wconf 90' lang='lat' dir='ltr'>mostly</span> <span class='ocrx_word' id='word_1_159' title='bbox 386 3050 518 3122; x_wconf 82' lang='lat' dir='ltr'>foreign).</span> <span class='ocrx_word' id='word_1_160' title='bbox 549 3053 581 3104; x_wconf 88' lang='lat' dir='ltr'>in</span> <span class='ocrx_word' id='word_1_161' title='bbox 591 3051 637 3105; x_wconf 89' lang='lat' dir='ltr'>the</span> <span class='ocrx_word' id='word_1_162' title='bbox 648 3067 726 3119; x_wconf 76' lang='lat' dir='ltr'>oemp</span> <span class='ocrx_word' id='word_1_163' title='bbox 837 3063 862 3112; x_wconf 85' lang='lat'>7.</span> <span class='ocrx_word' id='word_1_164' title='bbox 888 3048 1015 3099; x_wconf 78' lang='lat' dir='ltr'>trinsiit:</span> <span class='ocrx_word' id='word_1_165' title='bbox 1035 3046 1087 3099; x_wconf 85' lang='lat' dir='ltr'>has</span> <span class='ocrx_word' id='word_1_166' title='bbox 1099 3047 1211 3100; x_wconf 85' lang='lat' dir='ltr'>crossed.</span> 
     </span>
     <span class='ocr_line' id='line_1_25' title="bbox 200 3127 1284 3196; baseline -0.006 -11"><span class='ocrx_word' id='word_1_167' title='bbox 200 3132 335 3196; x_wconf 85' lang='lat' dir='ltr'>attacked,</span> <span class='ocrx_word' id='word_1_168' title='bbox 349 3132 395 3186; x_wconf 89' lang='lat' dir='ltr'>the</span> <span class='ocrx_word' id='word_1_169' title='bbox 414 3132 486 3187; x_wconf 84' lang='lat' dir='ltr'>force</span> <span class='ocrx_word' id='word_1_170' title='bbox 502 3130 652 3186; x_wconf 86' lang='lat' dir='ltr'>amounted</span> <span class='ocrx_word' id='word_1_171' title='bbox 667 3139 726 3185; x_wconf 85' lang='lat' dir='ltr'>toa</span> <span class='ocrx_word' id='word_1_172' title='bbox 823 3146 861 3180; x_wconf 80' lang='lat'>12.</span> <span class='ocrx_word' id='word_1_173' title='bbox 889 3129 1009 3194; x_wconf 71' lang='lat' dir='ltr'>legitis:</span> <span class='ocrx_word' id='word_1_174' title='bbox 1029 3127 1074 3180; x_wconf 79' lang='lat' dir='ltr'>the</span> <span class='ocrx_word' id='word_1_175' title='bbox 1085 3128 1284 3180; x_wconf 66' lang='lat' dir='ltr'>commandere</span> 
     </span>
     <span class='ocr_line' id='line_1_26' title="bbox 200 3209 1304 3283; baseline -0.006 -18"><span class='ocrx_word' id='word_1_176' title='bbox 200 3212 292 3283; x_wconf 90' lang='lat' dir='ltr'>legion</span> <span class='ocrx_word' id='word_1_177' title='bbox 305 3213 455 3267; x_wconf 84' lang='lat' dir='ltr'>andahalf</span> <span class='ocrx_word' id='word_1_178' title='bbox 460 3232 466 3280; x_wconf 80' lang='lat'><em>3</em></span> <span class='ocrx_word' id='word_1_179' title='bbox 487 3212 534 3266; x_wconf 87' lang='lat' dir='ltr'>the</span> <span class='ocrx_word' id='word_1_180' title='bbox 544 3212 623 3267; x_wconf 88' lang='lat' dir='ltr'>other</span> <span class='ocrx_word' id='word_1_181' title='bbox 633 3227 725 3279; x_wconf 83' lang='lat' dir='ltr'>camps</span> <span class='ocrx_word' id='word_1_182' title='bbox 822 3227 862 3274; x_wconf 82' lang='lat'>14.</span> <span class='ocrx_word' id='word_1_183' title='bbox 888 3211 936 3261; x_wconf 79' lang='lat'>1..:</span> <span class='ocrx_word' id='word_1_184' title='bbox 967 3210 1013 3261; x_wconf 63' lang='lat' dir='ltr'>tle.</span> <span class='ocrx_word' id='word_1_185' title='bbox 1040 3209 1304 3273; x_wconf 53' lang='lat' dir='ltr'>isicius-legi&amp;</span> 
     </span>
     <span class='ocr_line' id='line_1_27' title="bbox 199 3289 903 3363; baseline -0.007 -18"><span class='ocrx_word' id='word_1_186' title='bbox 199 3309 270 3347; x_wconf 86' lang='lat' dir='ltr'>were</span> <span class='ocrx_word' id='word_1_187' title='bbox 289 3293 408 3347; x_wconf 90' lang='lat' dir='ltr'>manned</span> <span class='ocrx_word' id='word_1_188' title='bbox 427 3293 493 3363; x_wconf 85' lang='lat' dir='ltr'>bya</span> <span class='ocrx_word' id='word_1_189' title='bbox 511 3290 601 3360; x_wconf 89' lang='lat' dir='ltr'>legion</span> <span class='ocrx_word' id='word_1_190' title='bbox 621 3289 723 3359; x_wconf 87' lang='lat' dir='ltr'>apiece.</span> <span class='ocrx_word' id='word_1_191' title='bbox 776 3289 811 3343; x_wconf 85' lang='lat' dir='ltr'>cf.</span> <span class='ocrx_word' id='word_1_192' title='bbox 826 3290 844 3342; x_wconf 90' lang='lat' dir='ltr'>l.</span> <span class='ocrx_word' id='word_1_193' title='bbox 863 3303 903 3342; x_wconf 91' lang='lat'>12.</span> 
     </span>
     <span class='ocr_line' id='line_1_28' title="bbox 246 3369 1306 3436; baseline -0.006 -10"><span class='ocrx_word' id='word_1_194' title='bbox 246 3391 270 3425; x_wconf 89' lang='lat'>1.</span> <span class='ocrx_word' id='word_1_195' title='bbox 296 3375 431 3426; x_wconf 78' lang='lat' dir='ltr'>subsidio:</span> <span class='ocrx_word' id='word_1_196' title='bbox 451 3371 506 3426; x_wconf 89' lang='lat' dir='ltr'>dat.</span> <span class='ocrx_word' id='word_1_197' title='bbox 520 3369 551 3425; x_wconf 85' lang='lat' dir='ltr'>of</span> <span class='ocrx_word' id='word_1_198' title='bbox 560 3370 673 3425; x_wconf 86' lang='lat' dir='ltr'>service.</span> <span class='ocrx_word' id='word_1_199' title='bbox 822 3385 861 3434; x_wconf 80' lang='lat'>15·</span> <span class='ocrx_word' id='word_1_200' title='bbox 888 3371 1076 3436; x_wconf 76' lang='lat' dir='ltr'>neglegenda:</span> <span class='ocrx_word' id='word_1_201' title='bbox 1123 3369 1243 3434; x_wconf 77' lang='lat' dir='ltr'>neglego,</span> <span class='ocrx_word' id='word_1_202' title='bbox 1280 3383 1306 3436; x_wconf 88' lang='lat'>3,</span> 
     </span>
     <span class='ocr_line' id='line_1_29' title="bbox 244 3447 1309 3518; baseline -0.006 -12"><span class='ocrx_word' id='word_1_203' title='bbox 244 3471 269 3506; x_wconf 66' lang='grc' dir='ltr'>α.</span> <span class='ocrx_word' id='word_1_204' title='bbox 295 3456 445 3509; x_wconf 67' lang='lat' dir='ltr'>voluntati:</span> <span class='ocrx_word' id='word_1_205' title='bbox 481 3455 616 3517; x_wconf 74' lang='lat' dir='ltr'>voluntis,</span> <span class='ocrx_word' id='word_1_206' title='bbox 650 3452 726 3516; x_wconf 61' lang='lat' dir='ltr'>-rrtis,</span> <span class='ocrx_word' id='word_1_207' title='bbox 777 3453 891 3517; x_wconf 72' lang='lat' dir='ltr'>neglexi,</span> <span class='ocrx_word' id='word_1_208' title='bbox 919 3452 1066 3516; x_wconf 69' lang='lat' dir='ltr'>neglectus,</span> <span class='ocrx_word' id='word_1_209' title='bbox 1094 3447 1248 3518; x_wconf 73' lang='lat' dir='ltr'>dirregard,</span> <span class='ocrx_word' id='word_1_210' title='bbox 1275 3463 1309 3501; x_wconf 91' lang='lat' dir='ltr'>or</span> 
     </span>
     <span class='ocr_line' id='line_1_30' title="bbox 199 3531 879 3604; baseline -0.007 -16"><span class='ocrx_word' id='word_1_211' title='bbox 199 3548 239 3600; x_wconf 70' lang='lat'>1².,</span> <span class='ocrx_word' id='word_1_212' title='bbox 268 3534 359 3600; x_wconf 66' lang='lat' dir='ltr'>with,</span> <span class='ocrx_word' id='word_1_213' title='bbox 394 3532 436 3588; x_wconf 82' lang='lat' dir='ltr'>for</span> <span class='ocrx_word' id='word_1_214' title='bbox 464 3541 573 3604; x_wconf 83' lang='lat' dir='ltr'>syntax,</span> <span class='ocrx_word' id='word_1_215' title='bbox 602 3549 649 3587; x_wconf 92' lang='lat' dir='ltr'>see</span> <span class='ocrx_word' id='word_1_216' title='bbox 679 3531 727 3586; x_wconf 93' lang='lat' dir='ltr'>the</span> <span class='ocrx_word' id='word_1_217' title='bbox 777 3533 879 3602; x_wconf 79' lang='lat' dir='ltr'>ignore.</span> 
     </span>
     <span class='ocr_line' id='line_1_31' title="bbox 200 3609 1262 3686; baseline -0.008 -17"><span class='ocrx_word' id='word_1_218' title='bbox 200 3615 308 3669; x_wconf 86' lang='lat' dir='ltr'>Vocab.</span> <span class='ocrx_word' id='word_1_219' title='bbox 322 3614 411 3669; x_wconf 90' lang='lat' dir='ltr'>under</span> <span class='ocrx_word' id='word_1_220' title='bbox 423 3615 527 3668; x_wconf 77' lang='lat' dir='ltr'>resisto.</span> <span class='ocrx_word' id='word_1_221' title='bbox 824 3618 863 3664; x_wconf 82' lang='lat'>1⁶.</span> <span class='ocrx_word' id='word_1_222' title='bbox 890 3612 1015 3664; x_wconf 75' lang='lat' dir='ltr'>consilio:</span> <span class='ocrx_word' id='word_1_223' title='bbox 1035 3609 1142 3686; x_wconf 66' lang='lat' dir='ltr'>council</span> <span class='ocrx_word' id='word_1_224' title='bbox 1150 3609 1186 3680; x_wconf 87' lang='lat' dir='ltr'>of</span> <span class='ocrx_word' id='word_1_225' title='bbox 1191 3624 1262 3662; x_wconf 84' lang='lat' dir='ltr'>war.</span> 
     </span>
     <span class='ocr_line' id='line_1_32' title="bbox 244 3690 1309 3764; baseline -0.005 -17"><span class='ocrx_word' id='word_1_226' title='bbox 244 3712 269 3758; x_wconf 78' lang='grc'>3.</span> <span class='ocrx_word' id='word_1_227' title='bbox 296 3696 380 3747; x_wconf 68' lang='lat' dir='ltr'>inme</span> <span class='ocrx_word' id='word_1_228' title='bbox 395 3696 496 3764; x_wconf 76' lang='lat' dir='ltr'>(aco):</span> <span class='ocrx_word' id='word_1_229' title='bbox 515 3700 543 3747; x_wconf 85' lang='lat' dir='ltr'>to</span> <span class='ocrx_word' id='word_1_230' title='bbox 555 3710 605 3746; x_wconf 83' lang='lat' dir='ltr'>me.</span> <span class='ocrx_word' id='word_1_231' title='bbox 823 3708 862 3756; x_wconf 84' lang='lat'>17.</span> <span class='ocrx_word' id='word_1_232' title='bbox 888 3692 978 3746; x_wconf 73' lang='lat' dir='ltr'>taetri:</span> <span class='ocrx_word' id='word_1_233' title='bbox 1005 3690 1112 3759; x_wconf 89' lang='lat' dir='ltr'>supine,</span> <span class='ocrx_word' id='word_1_234' title='bbox 1131 3696 1158 3742; x_wconf 84' lang='lat' dir='ltr'>to</span> <span class='ocrx_word' id='word_1_235' title='bbox 1178 3690 1309 3742; x_wconf 75' lang='lat' dir='ltr'>clo—es·</span> 
     </span>
     <span class='ocr_line' id='line_1_33' title="bbox 244 3769 1242 3842; baseline -0.006 -16"><span class='ocrx_word' id='word_1_236' title='bbox 244 3792 269 3838; x_wconf 90' lang='lat'>4.</span> <span class='ocrx_word' id='word_1_237' title='bbox 296 3775 436 3827; x_wconf 80' lang='lat' dir='ltr'>immemor</span> <span class='ocrx_word' id='word_1_238' title='bbox 456 3774 543 3842; x_wconf 70' lang='lat' dir='ltr'>(oris,</span> <span class='ocrx_word' id='word_1_239' title='bbox 559 3771 647 3842; x_wconf 88' lang='lat' dir='ltr'>adj.):</span> <span class='ocrx_word' id='word_1_240' title='bbox 676 3789 727 3825; x_wconf 87' lang='lat' dir='ltr'>un·</span> <span class='ocrx_word' id='word_1_241' title='bbox 778 3775 836 3825; x_wconf 81' lang='lat' dir='ltr'>set:</span> <span class='ocrx_word' id='word_1_242' title='bbox 850 3771 919 3840; x_wconf 88' lang='lat' dir='ltr'>subj.</span> <span class='ocrx_word' id='word_1_243' title='bbox 932 3770 961 3822; x_wconf 93' lang='lat' dir='ltr'>in</span> <span class='ocrx_word' id='word_1_244' title='bbox 975 3769 1091 3824; x_wconf 86' lang='lat' dir='ltr'>indirect</span> <span class='ocrx_word' id='word_1_245' title='bbox 1104 3769 1242 3839; x_wconf 89' lang='lat' dir='ltr'>question.</span> 
     </span>
     <span class='ocr_line' id='line_1_34' title="bbox 201 3848 1307 3925; baseline -0.004 -19"><span class='ocrx_word' id='word_1_246' title='bbox 201 3853 333 3925; x_wconf 77' lang='lat' dir='ltr'>ntindftd.</span> <span class='ocrx_word' id='word_1_247' title='bbox 824 3857 864 3902; x_wconf 75' lang='grc' dir='ltr'>ιδ.</span> <span class='ocrx_word' id='word_1_248' title='bbox 889 3851 993 3902; x_wconf 85' lang='lat' dir='ltr'>tribiini</span> <span class='ocrx_word' id='word_1_249' title='bbox 1050 3851 1103 3920; x_wconf 87' lang='lat' dir='ltr'>(sc.</span> <span class='ocrx_word' id='word_1_250' title='bbox 1152 3848 1307 3916; x_wconf 65' lang='lat' dir='ltr'>muitum:</span> 
     </span>
    </p>
   </div>
   <div class='ocr_carea' id='block_1_7' title="bbox 0 0 1464 4296">
    <p class='ocr_par' dir='ltr' id='par_1_12' title="bbox 0 0 1464 4296">
     <span class='ocr_line' id='line_1_35' title="bbox 0 0 1464 4296; baseline 0 1"><span class='ocrx_word' id='word_1_251' title='bbox 0 0 1464 4296; x_wconf 95' lang='lat' dir='ltr'> </span> 
     </span>
    </p>
   </div>
  </div>
 </body>
</html>
