2908 4300
158 284 172 313 ²
437 276 553 336 FIRST
577 275 699 336 LATIN
727 274 890 334 READER
1166 274 1222 340 181

126 460 225 537 missi,
240 459 443 524 tumultuose
459 479 568 542 neque
585 468 697 522 tamen
714 466 782 521 non
794 465 872 520 vere
890 458 1028 520 Parthos
1044 457 1077 520 in
1095 456 1225 542 Syriam

125 573 283 629 transisse
302 564 556 640 nuntiaverunt;
581 571 647 645 quo
669 563 791 637 audito,
814 563 1029 652 vehementer
1047 582 1120 624 sum
1142 581 1228 624 com·

125 677 234 732 motus
261 689 337 732 cum
365 668 406 730 de
435 669 532 753 Syria
558 678 628 731 turn
657 668 699 730 de
727 673 800 729 mea
827 667 1006 748 provincia,
1032 665 1074 728 de
1099 664 1226 747 reliqui

125 774 267 856 denique
285 773 378 835 Asia.

102 895 115 950 5
171 879 289 960 Itaque
312 877 346 940 in
370 876 586 959 Cappadocia
605 883 751 938 extrema
770 883 836 938 non
858 876 956 955 longe
975 882 994 936 a
1010 874 1122 936 Tauro
1138 875 1227 956 apud

125 982 283 1064 oppidum
299 981 454 1064 Cybistra
467 990 575 1044 castra
589 980 663 1054 leci,
677 992 713 1042 ut
725 989 759 1042 et
772 979 918 1043 Ciliciam
934 985 1043 1040 tuerer
1055 988 1088 1041 et
1099 979 1229 1060 Cappa·

125 1085 254 1149 dociam
271 1093 390 1149 tenens
407 1105 493 1147 nova
510 1085 725 1148 finitimorum
742 1082 880 1146 consilia
896 1082 1101 1165 impedirem.

170 1191 303 1254 Interea
325 1198 467 1270 cognovi
490 1189 668 1251 multorum
693 1188 810 1251 litteris
827 1199 928 1271 atque
947 1190 1071 1250 nuntiis
1089 1195 1227 1270 magnas

127 1294 321 1358 Parthorum
353 1295 466 1374 copias
497 1304 531 1357 et
558 1294 709 1356 Arabum
741 1294 783 1356 ad
814 1279 975 1375 oppidum
1004 1294 1227 1357 Antiocheam

87 1424 116 1459 ro
124 1399 315 1473 accessisse,
341 1419 569 1480 magnumque
591 1407 706 1461 eorum
729 1399 922 1481 equitatum,
940 1409 998 1480 qui
1020 1397 1053 1460 in
1078 1397 1227 1463 Ciliciam

125 1510 308 1577 transisset,
333 1502 376 1564 ab
399 1502 547 1584 equitum
573 1510 720 1566 meorum
746 1510 862 1564 turmis
886 1512 920 1565 et
938 1510 957 1564 a
977 1504 1112 1566 cohorte
1137 1523 1228 1584 prae-

125 1606 218 1680 toria,
236 1627 321 1689 quae
337 1616 408 1669 erat
427 1606 645 1688 Epiphaneae
661 1606 818 1689 praesidii
833 1614 942 1682 causa,
960 1607 1129 1670 occidione
1146 1614 1229 1669 occi-

126 1730 207 1773 sum.
256 1712 378 1792 Quare,
396 1730 471 1773 cum
484 1709 630 1774 viderem
643 1718 663 1772 a
677 1712 892 1792 Cappadocia
905 1711 1100 1774 Parthorum
1114 1711 1228 1792 copias

125 1821 268 1889 aversas,
281 1822 347 1875 non
361 1815 461 1894 longe
476 1820 495 1874 a
511 1814 637 1876 finibus
653 1834 728 1878 esse
742 1815 886 1891 Ciliciae,
904 1836 1005 1898 quam
1022 1822 1115 1896 potui
1131 1814 1228 1876 maxi-

87 1948 114 2001 ¹⁵
126 1925 187 1980 mis
205 1917 387 1993 itineribus,
405 1918 447 1979 ad
469 1917 640 1979 Amanum
660 1920 841 1982 exercitum
861 1919 947 1982 ddxi.
995 1920 1071 2002 Quo
1091 1930 1127 1981 ut
1142 1926 1227 1995 veni,

171 2210 192 2244 1.
216 2191 307 2242 missi:
340 2198 389 2243 not
422 2193 492 2241 misi.
505 2191 652 2242 -turnub
765 2207 790 2256 7.
816 2194 927 2245 tenens:
961 2191 1041 2245 wltr'le
1073 2194 1227 2262 occupying.

124 2274 217 2324 tubae:
237 2270 310 2333 adv.,
320 2272 350 2323 in
356 2276 438 2340 great
447 2270 547 2322 alarm.
560 2273 653 2322 -ndn
704 2271 801 2325 Cicero
825 2273 992 2341 anticipated
1013 2273 1072 2325 that
1097 2274 1143 2325 the
1165 2275 1230 2325 Par·

124 2355 201 2402 verri:
216 2349 308 2420 sreely,
318 2350 433 2402 wz'tlzout
437 2351 610 2419 foundation
622 2353 652 2403 in
705 2352 781 2404 thian
813 2353 940 2405 invaders
971 2353 1060 2406 would
1084 2353 1146 2406 take
1175 2352 1229 2405 this

123 2432 189 2502 fact
201 2433 286 2501 (vere,
299 2429 371 2492 adv.,
385 2429 423 2482 lit.
436 2428 610 2499 truthfullv).
619 2462 652 2470 -
705 2449 780 2485 more
793 2433 923 2485 northern
939 2442 1022 2486 route.
1031 2448 1141 2486 —nova
1162 2473 1168 2486 .
1192 2473 1198 2486 .
1221 2473 1227 2486 .

124 2515 254 2566 Parthos:
269 2520 323 2566 two
336 2528 413 2582 years
427 2511 528 2577 before,
542 2513 588 2566 the
598 2514 652 2566 Ro
702 2514 831 2564 consilia:
853 2512 887 2566 ef.
903 2518 944 2564 ries
954 2519 1047 2578 novas,
1060 2532 1086 2583 p.
1101 2515 1142 2578 28,
1156 2514 1172 2566 l.
1190 2529 1229 2575 ιο,

125 2611 204 2647 mans
218 2592 274 2646 had
286 2591 404 2646 suffered
416 2591 547 2663 crushing
561 2593 651 2646 defeat
702 2594 940 2647 -finitimt'rrumz
966 2596 1094 2648 translate
1108 2595 1154 2648 the
1166 2613 1230 2666 gen.

125 2683 153 2728 at
163 2674 209 2728 the
220 2673 310 2726 hands
319 2671 350 2726 of
359 2672 414 2726 this
422 2671 531 2726 warlike
543 2674 648 2743 people.
703 2679 763 2728 “on
777 2674 823 2729 the
836 2679 898 2745 part
911 2675 963 2729 of.''
1221 2667 1223 2674 ’

169 2772 195 2818 ³·
221 2768 282 2806 cum
309 2791 315 2804 .
339 2791 345 2804 .
368 2791 375 2804 .
401 2757 476 2806 tum:
514 2760 562 2806 not
589 2753 651 2822 only
749 2774 787 2808 ro.
813 2761 918 2810 eorum:
941 2757 1076 2828 ostheirs.

127 2876 134 2889 .
156 2874 162 2887 .
182 2873 188 2886 .
207 2833 652 2905 butalro.-d6:witlzreference
750 2856 789 2889 rr.
815 2841 927 2890 turmis:
960 2838 994 2891 cf.
1020 2856 1047 2907 p.
1073 2839 1131 2904 161,
1155 2837 1174 2891 l.
1202 2854 1227 2906 7.

124 2919 286 2970 ta-mei:
307 2923 372 2968 note
381 2913 557 2985 theposition
565 2913 598 2969 of
603 2915 651 2968 the
705 2918 765 2971 The
779 2917 867 2972 forces
884 2919 947 2972 here
960 2919 1120 2972 mentioned
1133 2918 1230 2973 Cicero

125 3004 209 3059 word.
704 2999 760 3052 had
778 3008 841 3053 sent
857 2999 938 3054 south
960 3008 989 3052 at
1008 3016 1024 3052 a
1043 3008 1155 3052 venture
1178 2999 1228 3070 (ci.

167 3105 193 3151 4.
227 3087 308 3138 mir:
329 3101 408 3139 ason
420 3102 448 3154 p.
466 3085 523 3155 169,
536 3085 554 3138 l.
569 3085 594 3139 6.
705 3081 752 3136 the
766 3091 831 3136 note
844 3101 881 3136 on
894 3083 911 3135 l.
927 3085 969 3152 7).

170 3183 193 3231 5.
218 3167 403 3233 Cappadocia:
423 3183 469 3219 see
482 3165 529 3219 the
542 3183 653 3236 mapon
750 3180 789 3215 12.
816 3165 950 3216 occidione
998 3168 1130 3216 occisum:
1173 3155 1233 3217 had

125 3266 151 3317 p.
177 3260 232 3317 179.
241 3279 277 3286 -
288 3249 424 3299 extremi:
453 3250 597 3313 extremus,
615 3263 652 3313 -a,
704 3245 765 3296 been
777 3243 953 3297 anm'lu'lated
966 3245 1088 3315 (occidit,
1100 3245 1180 3311 -onis,
1193 3259 1231 3313 r,

125 3344 190 3394 -um,
204 3328 245 3381 lit.
263 3326 408 3398 fartim,
427 3326 557 3380 translate
569 3325 653 3397 freely
704 3331 778 3376 ulter
789 3325 981 3393 destruction).
1220 3395 1222 3399 ι

129 3407 178 3478 (cf.
193 3407 241 3461 the
260 3406 408 3477 rendering
417 3407 448 3461 of
457 3412 568 3473 primus,
581 3423 653 3460 sum-
750 3424 788 3468 ¹4·
816 3422 897 3472 quem
918 3410 994 3472 potui
1014 3408 1158 3458 maximis:
1184 3407 1229 3460 i.c.

126 3505 193 3555 mus,
202 3488 401 3557 etc.)—apud:
416 3504 447 3541 as
455 3505 492 3542 on
500 3506 526 3557 p.
536 3486 616 3552 18o,l.
626 3504 651 3554 4.
702 3488 855 3558 thelongest
863 3489 998 3558 possibler
1017 3488 1050 3544 cf.
1059 3489 1107 3543 the
1119 3496 1185 3544 note
1193 3507 1231 3550 oo

169 3576 194 3620 6.
218 3570 362 3634 Cybistra:
382 3566 576 3638 inapposition
586 3568 651 3621 with
702 3587 730 3638 p.
748 3583 805 3635 142,
818 3569 835 3620 l.
845 3583 870 3639 5.

126 3651 272 3716 oppidum,
291 3647 398 3714 render,
410 3647 545 3716 however,
557 3665 588 3701 as
602 3647 625 3701 is
636 3665 652 3701 a
750 3665 789 3712 15·
815 3649 1231 3722 Aminumamountainrange

126 3729 255 3801 genitive.
264 3732 411 3783 -tuererz
432 3731 518 3797 tueor,
535 3744 560 3797 2,
574 3759 649 3796 -η
704 3746 770 3782 near
783 3730 829 3784 the
841 3738 951 3784 eastern
963 3729 1065 3785 border
1076 3729 1109 3785 os
1123 3729 1228 3786 Cilicia.

128 3815 242 3883 protect.
703 3814 792 3862 -utz
811 3812 852 3864 ie.
865 3812 922 3863 ubi.
