2920 4296
447 289 561 350 rrnsr
586 290 709 348 nurus
736 291 900 348 eunoun
1186 307 1226 374 79

118 471 177 536 Sic
206 479 375 554 postremo
402 481 599 555 perventum
627 482 678 536 est
705 473 747 536 ad
771 473 867 536 sedes
892 474 1046 550 hostium,
1072 481 1138 556 qui,
1163 480 1226 536 rati

117 585 259 658 propter
285 577 437 639 timorem
466 577 601 641 colonos
636 585 883 659 praetervectos
911 597 995 653 esse,
1023 577 1087 639 iam
1116 578 1226 640 minus

117 678 298 762 diligenter
313 690 423 743 castra
439 701 498 744 sua
514 681 754 744 custodiebant.

545 964 729 1029 LESSON
761 965 804 1044 67

323 1147 354 1210 T
349 1147 389 1211 lte
411 1147 552 1229 Endos
569 1149 621 1211 tlte
643 1148 788 1230 Pequots
809 1146 1030 1232 (continued)

166 1311 277 1374 Noctu
308 1319 424 1374 castris
455 1311 808 1394 appropinquaverunt
838 1312 955 1374 coloni.
1004 1313 1100 1376 Intus
1130 1321 1226 1376 erant

93 1421 240 1485 suxores
259 1435 391 1497 quoque
413 1416 573 1497 liberique
596 1415 766 1490 Indorum,
787 1416 942 1498 intusque
965 1416 1073 1479 audiri
1095 1425 1226 1498 poterat

120 1526 239 1581 cantus
265 1519 490 1594 barbarorum,
519 1529 584 1602 qui,
610 1519 733 1582 circum
760 1519 847 1600 ignis
876 1520 1045 1595 saltantes,
1070 1519 1225 1584 victoriis

121 1624 309 1704 superiores
326 1623 546 1686 celebrabant.
596 1623 715 1688 Coloni
731 1622 933 1706 aliquamdiu
950 1624 1043 1687 taciti
1058 1631 1226 1706 exspecti-

119 1734 255 1804 verunt3
282 1737 363 1804 tum,
391 1748 467 1790 cum
495 1728 566 1792 dies
588 1727 655 1790 iarn
678 1729 886 1791 illucesceret
914 1730 1056 1810 Indique
1073 1728 1225 1792 saltando

121 1831 247 1894 defessi
274 1840 392 1895 somno
416 1833 626 1915 quiescerent
652 1842 755 1915 gravi,
784 1832 894 1896 subito
921 1833 954 1895 in
983 1843 1093 1896 castra
1120 1842 1224 1914 portis

80 1936 252 1998 roduibus
267 1938 474 2018 inruperunt.
985 1951 989 1962 '

166 2040 243 2123 Quo
258 2043 385 2124 impetu
402 2051 577 2123 repentino
593 2051 757 2119 commoti,
776 2044 889 2106 hostes
907 2055 1019 2107 tamen
1039 2043 1191 2106 celeriter
1206 2050 1224 2106 ἓ

123 2145 216 2208 lectis
228 2145 441 2222 exsiluerunt,
452 2147 742 2230 tabernaculisque
754 2148 967 2229 interpositis,
980 2149 1046 2211 tela
1058 2149 1091 2209 in
1106 2148 1223 2210 milites

123 2251 273 2320 conicere
285 2251 416 2315 fortiter
429 2261 612 2334 coeperunt
624 2253 776 2335 plurima.
818 2252 895 2335 Quo
907 2252 1147 2327 animadverso,
1159 2253 1225 2314 dux

123 2355 314 2418 colonorum
335 2358 446 2421 statim
468 2358 630 2421 intellexit
650 2359 824 2420 consilium
844 2357 906 2420 sibi
926 2358 1123 2420 mutandum
1139 2377 1221 2432 esse,

84 2473 112 2528 15
124 2467 266 2542 sucisque
278 2460 502 2525 tabernaculis
513 2463 609 2544 ignes
626 2462 804 2525 admovere
820 2461 924 2537 iussit,
939 2460 1059 2523 deinde
1075 2460 1226 2524 celeriter

123 2571 274 2644 egressos
295 2565 443 2649 undique
464 2576 574 2630 castra
595 2566 818 2629 circumstare.
867 2565 1058 2648 Quomodo
1077 2565 1225 2628 indimi-

124 2676 195 2744 seri,
212 2670 284 2751 igni
299 2677 317 2732 e
334 2680 450 2734 castris
466 2671 585 2752 fugere
601 2677 716 2744 coacti,
733 2677 753 2732 ῑι
775 2671 901 2732 colonis
925 2690 1032 2750 paene
1056 2670 1097 2731 ad
1122 2677 1225 2731 finum

123 2771 290 2837 interfecti
306 2784 398 2851 sunt;
423 2783 456 2838 et
473 2783 500 2838 si
516 2784 573 2858 qui
588 2776 677 2838 forte
693 2775 798 2837 aciem
820 2781 1049 2856 pertimerent,
1067 2781 1125 2837 ebs
1146 2773 1227 2836 socii

126 2877 201 2940 Indi
215 2877 357 2942 libenter
372 2880 574 2943 occiderunt.

85 3006 117 3043 20
167 2983 207 3044 ln
232 2983 358 3064 proelio
379 2984 473 3046 multi
492 3003 624 3067 quoque
649 2991 667 3046 ἓ
690 2984 816 3046 colonis
839 2993 918 3046 sunt
936 2983 1108 3059 vulnerziti,
1126 2992 1227 3065 atque

125 3087 285 3150 exercitus
298 3087 409 3151 statim
424 3089 558 3151 Novum
577 3087 779 3151 Londinium
796 3095 833 3150 se
848 3089 996 3168 recipere
1009 3095 1143 3150 coactus
1160 3095 1226 3163 est3

168 3285 190 3320 1.
217 3271 285 3321 rati:
305 3270 351 3323 tic,
365 3272 502 3324 arbitriti.
700 3287 727 3340 p.
760 3283 803 3337 72,
833 3269 852 3324 l.
882 3273 1078 3336 ro.-portis:
1115 3267 1148 3322 cf.
1180 3268 1228 3322 the

166 3357 191 3401 6.
218 3352 368 3403 saltantes:
414 3351 450 3405 cf.
500 3354 649 3420 saltibaut,
701 3359 766 3404 note
778 3367 814 3404 on
828 3350 957 3418 fenestre,
971 3368 996 3419 p.
1010 3350 1052 3416 76,
1066 3351 1083 3401 l.
1100 3365 1126 3418 3.

126 3448 151 3499 p.
172 3444 212 3499 57,
232 3431 248 3482 1.
270 3447 292 3483 r.
746 3439 785 3483 18.
813 3435 922 3497 siqui.
946 3472 951 3483 .
974 3471 980 3498 ‚
1000 3436 1059 3483 eos:
1080 3430 1120 3482 lit.
1136 3431 1167 3500 ²f
1172 3446 1229 3498 any

167 3528 190 3576 7.
217 3515 381 3578 superbires:
411 3514 483 3580 here,
514 3514 545 3568 of
571 3514 647 3568 time.
702 3553 709 3565 .
732 3552 737 3564 .
759 3513 857 3580 ,them
879 3513 926 3582 (cl.
946 3513 993 3566 the
1013 3520 1078 3566 note
1096 3528 1133 3564 on
1153 3513 1227 3577 quid,

125 3597 404 3659 -exspectsverunn
435 3596 546 3648 waited.
700 3611 726 3664 p.
747 3593 787 3662 56,
807 3595 824 3645 l.
846 3595 884 3661 r).

166 3681 190 3726 8.
217 3677 357 3728 saltandi:
390 3675 433 3729 for
464 3684 572 3745 syntax,
612 3675 647 3730 cf.
747 3692 786 3738 19.
812 3677 891 3726 Indi:
912 3691 942 3728 as
955 3674 1177 3744 adj.-libenter
1190 3687 1229 3725 oc·

126 3757 217 3820 mlo,
230 3773 258 3824 p.
275 3771 314 3821 12,
328 3756 346 3808 l.
364 3769 405 3823 17.
700 3757 836 3808 ciderunt:
854 3754 945 3824 freely,
957 3771 1030 3807 were
1035 3754 1109 3823 glad
1116 3760 1144 3806 to
1156 3753 1212 3806 kill.

166 3851 190 3908 9.
217 3839 310 3896 somni
337 3872 345 3890 .
373 3872 381 3890 .
410 3873 418 3891 .
455 3840 575 3912 groti:¹
612 3835 647 3900 cs·
744 3853 786 3896 21·
813 3837 920 3895 Novum
945 3835 1122 3895 Londinium:
1154 3842 1228 3888 town
