2824 4292
526 223 639 283 FIRST
664 226 785 284 LATIN
813 225 978 284 READER

624 528 809 594 nasson
845 544 881 608 13

465 691 689 760 Colonization
713 695 747 758 iu
771 695 855 758 New
877 695 1042 778 England

247 851 365 914 Paucis
381 861 457 933 post
472 859 569 913 anuis
590 851 742 913 Britanni
762 851 960 932 complures,
979 860 1035 933 qui
1051 850 1142 932 apud
1160 851 1330 914 Batavus

202 954 258 1018 diu
275 953 516 1030 habitaverant,
534 955 568 1016 in
588 954 780 1017 Americam
803 974 879 1018 cum
901 954 1013 1018 liberis
1030 965 1130 1037 atque
1147 954 1327 1017 uxuribus

203 1060 365 1140 emigrare
397 1057 649 1121 cunstituerunt.
706 1058 782 1141 Qui,
807 1079 882 1122 cum
907 1058 1138 1140 pervenissent
1161 1058 1206 1120 ad
1235 1059 1326 1121 litus

202 1163 272 1224 eius
289 1173 405 1237 terrae,
423 1182 508 1244 quae
525 1181 613 1225 nunc
631 1162 804 1225 Britannia
822 1163 919 1226 Nova
932 1162 1128 1245 appellatur,
1141 1163 1322 1243 impetum

178 1266 364 1344 5Ind6rum
392 1268 496 1341 veriti,
525 1267 682 1348 legatum,
704 1267 839 1330 mimine
860 1265 1074 1342 Standisium‚
1099 1286 1174 1329 cum
1199 1266 1324 1328 militi-

201 1368 265 1432 bus
296 1377 410 1452 paucis
434 1377 604 1446 miserunt‚
636 1380 693 1452 qui
724 1371 797 1434 loca
827 1371 974 1454 undique
1003 1370 1203 1453 expleraret.
1258 1371 1322 1432 Illi

202 1473 303 1555 igitur
340 1475 444 1537 multa
481 1474 572 1536 milia
610 1495 769 1556 passuum
808 1476 992 1539 secundum
1027 1475 1102 1538 litus
1134 1481 1319 1556 prr'tgressi

203 1589 289 1654 sunt,
309 1599 385 1642 cum
410 1579 607 1660 navigarent
630 1579 783 1655 interdiu,
801 1587 983 1662 noctesque
1007 1590 1118 1642 autem
1145 1579 1177 1640 in
1209 1579 1315 1642 litore

203 1693 349 1763 agerent.

163 1824 193 1860 ro
247 1788 356 1850 Primi)
383 1798 491 1852 terrae
515 1788 641 1850 incolis
669 1795 742 1850 riri)
768 1789 940 1862 viderunt3
973 1787 1049 1850 r'ilim
1077 1797 1200 1864 tamen,
1226 1809 1310 1850 cum

202 1899 299 1956 mane
316 1893 479 1974 proficisci
495 1900 652 1974 pararent
663 1900 815 1974 linusque
825 1914 865 1955 ex
879 1893 1036 1954 militibus
1049 1893 1196 1954 onmium
1211 1913 1310 1954 arma

202 1997 235 2060 in
255 1997 380 2078 scapha
396 1998 461 2058 iam
481 1996 719 2070 collocavisset
738 1996 814 2059 Indi
835 1997 945 2058 subiti>
963 2003 981 2058 ἓ
998 1996 1079 2058 silva
1096 2005 1220 2077 magni)
1239 1996 1307 2059 cla·

202 2110 293 2164 mure
322 2108 512 2180 eruperunt,
540 2101 735 2182 sagittisque
764 2102 1022 2163 vulneraverunt
1051 2108 1184 2181 paucus.
1235 2101 1305 2164 Sed

202 2206 321 2266 milites
341 2204 452 2267 statim
473 2204 515 2266 ad
537 2205 698 2286 scapham
720 2212 945 2279 cucurrerunt,
966 2215 1003 2266 ut
1021 2225 1114 2267 arma
1132 2215 1304 2286 caperent,

163 2342 191 2396 15
202 2309 382 2391 hostesque
397 2308 549 2371 celeriter
564 2310 684 2391 fugere
700 2316 807 2372 coacti
823 2319 910 2371 sunt.

247 2413 417 2475 Postremi)
433 2413 475 2474 ad
488 2423 619 2494 portum
632 2420 741 2475 tritum
754 2421 951 2495 perventum
964 2423 1023 2488 est,
1038 2414 1094 2476 ubi
1108 2411 1213 2477 tribus
1223 2424 1303 2478 ante

202 2525 298 2579 annis
322 2517 417 2579 multi
444 2517 675 2580 habitaverant
701 2518 794 2591 Indi;
820 2527 876 2599 qui
903 2517 968 2580 iam
990 2518 1033 2579 ad
1059 2525 1162 2580 dnum
1186 2518 1303 2581 morbt')

203 2619 377 2702 perierant.
426 2620 502 2703 Qua
518 2622 560 2684 de
576 2629 611 2684 re
627 2623 783 2684 certidres
799 2622 889 2696 facti,
907 2623 1017 2684 coldni
1032 2623 1149 2704 reliqui
1168 2642 1299 2703 quoque

202 2715 336 2787 adeum
361 2725 470 2787 locum
486 2732 657 2799 venerunt,
674 2713 785 2808 ibique
810 2733 828 2788 e
850 2733 926 2788 navi
946 2727 1074 2789 inlitus
1097 2733 1231 2807 egressi,
1248 2725 1299 2788 dis

161 2835 341 2910 wegerunt
364 2829 488 2910 gratias
510 2839 684 2911 castraque
707 2836 900 2911 posuerunt.
949 2831 1010 2893 Est
1034 2832 1067 2892 in
1091 2831 1184 2892 litore
1201 2829 1298 2892 etiam

203 2952 291 2995 nunc
307 2953 433 3008 saxum,
451 2934 540 3015 quod
564 2933 758 2996 Americani
781 2954 914 3015 semper
935 2934 1108 2996 coluerunt
1124 2934 1297 3016 colentque

266 3137 291 3173 a.
311 3122 404 3173 liberis
421 3123 504 3186 atque
522 3121 664 3173 uxuribus:
687 3139 725 3174 sc.
827 3138 864 3184 1⁴·
886 3123 918 3173 ut
944 3135 1020 3172 arma
1044 3123 1184 3186 caperent:
1208 3121 1247 3173 Le.
1269 3125 1296 3173 to

201 3207 266 3254 suis.
776 3219 841 3254 arm
854 3201 1019 3254 themselves.

265 3301 291 3347 3.
311 3288 366 3352 qui,
378 3298 453 3337 cum:
468 3283 502 3338 cf.
517 3301 544 3352 p.
561 3298 585 3352 5,
598 3283 615 3334 l.
628 3283 654 3335 8.
826 3297 863 3345 17.
884 3283 917 3333 ad
931 3286 1029 3333 inum:
1046 3282 1165 3350 utterly,·
1182 3281 1216 3335 cf.
1233 3298 1257 3351 p.
1270 3295 1293 3346 4.

265 3371 290 3417 6.
311 3365 479 3431 expliriret:
494 3373 557 3417 note
571 3363 618 3416 the
631 3363 723 3416 mood.
776 3361 794 3413 l.
806 3376 829 3431 5.

265 3453 291 3498 8.
311 3461 373 3499 cum
397 3447 574 3516 navigarent:
595 3444 725 3498 translate
827 3450 866 3495 18.
887 3448 941 3509 qui
970 3446 1003 3496 de
1033 3448 1077 3496 re:
1111 3446 1156 3498 tle.
1188 3446 1220 3495 rie
1249 3445 1293 3496 hic
1395 3439 1396 3442 ’

201 3528 237 3598 by
250 3544 266 3579 a
279 3526 430 3596 participial
444 3526 550 3596 phrase.
778 3529 815 3576 re,

251 3625 290 3660 ro.
311 3610 383 3658 riri:
403 3606 473 3672 adv„
485 3607 592 3659 seldom.
828 3623 867 3669 19.
887 3608 945 3658 dis:
966 3606 1035 3659 from
1048 3608 1124 3657 deus.

252 3706 290 3740 rr.
309 3689 445 3741 omnium:
474 3687 540 3741 used
558 3704 587 3739 as
605 3703 621 3738 a
642 3703 726 3741 masc.
827 3705 867 3737 21.
888 3690 1045 3738 coluerunt:
1078 3688 1142 3751 colu,
1172 3700 1196 3752 3,
1226 3687 1293 3753 colui,

203 3785 286 3832 noun,
300 3768 424 3822 modrfier
436 3767 468 3820 of
476 3783 559 3819 arma.
780 3769 877 3828 cultus,
889 3772 1025 3818 venerate.
