2824 4292
314 331 318 338 ·
411 311 525 368 F1Rs‘r
550 311 672 368 nrnn
699 312 862 369 Rsnnnn
1144 329 1185 395 47

72 499 250 569 strenuus,
270 491 438 556 Britannis
460 491 599 574 parebat
619 492 761 574 prodere
781 503 900 570 castra,
918 514 1005 576 quae
1022 493 1132 558 coloni
1152 496 1186 556 in

73 603 158 678 ripa
182 595 328 659 flr‘rminis
352 596 528 659 Hudsr'mis
551 606 742 677 posuerant,
759 605 892 679 quoque
915 597 956 659 ab
975 597 1186 660 Americanis

74 707 294 782 comportata
310 709 405 763 erant
425 698 546 774 omnia,
563 719 650 782 quae
666 699 709 762 ad
730 699 854 763 bellum
871 701 1060 764 necessaria
1075 712 1185 778 erant;

75 823 161 866 nam
180 814 289 868 castra
305 809 424 866 natissa
439 803 504 866 loci
520 804 741 866 monitissima
757 812 861 880 erant,
879 823 918 866 ac
941 804 1033 866 frinis
1054 825 1186 886 quoque

42 908 216 971 sferreus
240 906 285 970 ibi
313 914 405 971 trans
429 905 554 970 flomen
585 907 705 971 ductus
735 900 816 984 erat,
845 915 887 970 ne
913 914 1016 970 naves
1042 908 1185 972 hostium

77 1011 219 1093 longius
235 1011 375 1075 adverso
390 1011 527 1074 flsrmine
544 1012 701 1094 ningere
718 1021 864 1094 possent.

128 1116 290 1190 Britanni,
309 1136 384 1178 cum
406 1116 473 1194 iam
493 1116 565 1179 dies
583 1114 779 1198 proditionis
794 1116 1089 1199 appropinquaret,
1105 1125 1187 1179 nfin-

78 1218 167 1282 tium
193 1227 362 1295 miserunt,
387 1229 444 1302 qui
466 1219 586 1284 ducem
610 1229 805 1285 conveniret
829 1220 1079 1297 Americanum,
1105 1221 1187 1284 litte-

79 1330 206 1406 rasque
220 1324 263 1387 ab
276 1332 316 1388 eo
328 1331 520 1406 reportaret.
570 1324 750 1388 Incolumis
763 1324 806 1387 ad
819 1325 1020 1387 Arnoldium
1036 1326 1187 1406 pervenit

30 1457 70 1492 10
81 1427 241 1504 mintius,
280 1427 339 1491 sed
367 1448 442 1491 cum
469 1429 511 1491 ad
541 1427 719 1491 Britannos
747 1428 878 1503 rediret,
907 1427 948 1490 ab
975 1428 1185 1493 Americanis

80 1530 192 1595 tribus
214 1541 332 1614 captus
356 1541 428 1596 est:
452 1542 509 1614 qui
531 1541 698 1614 captivum
720 1532 791 1594 sine
815 1539 907 1595 mora
927 1531 959 1594 in
981 1542 1090 1595 castra
1113 1553 1186 1614 pro·

83 1635 174 1699 xima
195 1636 413 1712 dedrixerunt,
432 1657 632 1718 quamquam
653 1636 707 1699 ille
728 1637 828 1700 miser
846 1635 1000 1699 omnibus
1020 1635 1126 1699 modis
1145 1637 1187 1698 ab

83 1749 133 1803 eis
150 1741 289 1804 saltitem
308 1743 487 1823 impetrare
504 1747 643 1803 conatus
660 1749 720 1804 est.
768 1740 845 1822 Qua
867 1739 908 1802 de
930 1747 965 1802 re
987 1741 1106 1802 certior
1122 1741 1188 1803 fac·

83 1853 148 1919 tus,
164 1844 347 1909 Arnoldius
358 1844 401 1907 ad
420 1846 598 1908 Britannos
616 1865 715 1927 quam
732 1843 903 1907 celerrime
920 1844 1086 1926 perlfigin
1111 1851 1188 1926 quo-

40 1968 158 2025 ¹5111m
175 1949 208 2010 in
226 1949 371 2013 exercitii
388 1948 568 2031 imperator
583 1947 676 2012 brevi
691 1950 801 2012 lactus
817 1957 876 2012 est.

132 2051 279 2116 Nr'mtius
302 2052 444 2128 interim,
469 2059 570 2116 causa
596 2053 739 2134 cognita,
765 2052 883 2134 capitis
912 2061 964 2116 est
991 2052 1186 2128 damnatum

87 2155 213 2219 litteris
229 2156 327 2232 enim,
345 2164 428 2239 quas
447 2164 547 2220 manis
565 2156 659 2220 ducis
671 2155 866 2220 Americani
888 2163 1029 2238 scriptas
1048 2156 1186 2230 terebat,

87 2258 197 2323 delere
220 2268 287 2323 non
311 2270 474 2342 potuerat,
492 2270 671 2343 antequam
696 2260 730 2322 in
754 2267 904 2323 castrari
931 2260 1058 2323 colonis
1083 2260 1188 2322 tribus

87 2363 205 2426 ductus
218 2373 277 2427 est.
326 2365 519 2440 Arnoldius,
530 2384 606 2427 cum
617 2371 733 2428 contra
746 2373 823 2427 suos
840 2371 929 2426 cives
945 2364 1105 2426 acerrime
1120 2362 1187 2426 bel-

46 2466 155 2529 solum
172 2465 340 2550 gessisset,
358 2473 526 2548 postremo
541 2463 632 2548 apud
649 2462 827 2526 Britannos
844 2471 993 2525 mortuus
1011 2469 1071 2535 est,
1089 2459 1188 2522 etiam

88 2577 135 2633 eis
147 2571 227 2651 ipsis
243 2569 368 2631 invisus
385 2576 469 2650 quos
484 2573 577 2630 tanta
594 2564 732 2647 perfidia
747 2564 904 2627 adiuvare
919 2569 1058 2626 conatus
1071 2571 1149 2625 erat.

151 2733 171 2766 1.
199 2716 297 2781 castra,
314 2727 391 2780 quae,
408 2720 475 2766 etc:
496 2709 613 2780 namely,
710 2727 750 2772 14.
777 2723 860 2774 quam
871 2708 1023 2760 celerrime:
1043 2722 1076 2757 as
1084 2704 1190 2772 quickly

91 2799 167 2850 West
181 2795 272 2849 Point.
663 2807 696 2842 as
704 2788 827 2858 possible.
837 2792 991 2854 -quorum
1007 2787 1036 2838 in
1053 2787 1187 2838 exercitis:

150 2894 171 2928 2.
197 2879 323 2942 quoque:
357 2877 398 2927 εἱι.
435 2877 486 2939 quo
506 2883 530 2932 ÷
552 2887 612 2938 que,
663 2871 726 2922 and
734 2872 765 2922 in
777 2869 850 2922 their
862 2885 952 2937 army.

91 2957 150 3010 and
163 2959 221 3009 into
237 2955 343 3020 which3
369 2955 411 3009 sor
429 2957 490 3021 quo,
509 2952 543 3008 ci.
566 2953 613 3006 the
710 2956 750 3002 ιο.
775 2951 900 3015 cogniti:
934 2949 1015 3002 tried.
1027 2948 1188 3014 -capitis:

93 3046 154 3092 note
172 3054 209 3090 on
227 3054 255 3106 p.
270 3036 325 3103 8,l.
343 3050 382 3101 14.
663 3032 707 3084 i.e.
739 3035 766 3083 to
798 3029 887 3084 death.
934 3029 996 3082 The
1028 3029 1129 3098 charge
1159 3044 1191 3081 or

151 3135 175 3180 3.
200 3119 307 3169 omnis:
337 3124 402 3170 note
426 3116 474 3168 the
498 3113 611 3185 gender.
668 3111 738 3180 (less
760 3109 849 3181 osten)
873 3111 919 3164 the
940 3109 1051 3179 penalty
1073 3125 1137 3178 may
1156 3107 1190 3161 be

93 3230 125 3240 -
134 3201 181 3250 ad:
194 3199 257 3268 for.
666 3191 821 3262 expressed,
829 3208 860 3244 as
870 3192 944 3256 here,
953 3189 989 3260 by
1000 3190 1047 3243 the
1059 3188 1189 3260 genitive.

150 3298 175 3343 4.
202 3281 314 3331 nitori:
341 3285 405 3331 note
428 3277 477 3330 the
497 3291 615 3329 case-
711 3288 751 3336 17.
777 3276 875 3325 manfr:
896 3270 950 3326 abl.
967 3270 997 3323 of
1017 3286 1112 3323 means
1125 3268 1189 3322 with

95 3359 164 3414 iimls
179 3360 235 3430 (is,
250 3361 319 3426 n.):
339 3358 430 3411 chain.
661 3356 791 3420 scriptis.

150 3453 172 3502 5.
197 3436 299 3490 terreus
335 3441 387 3506 (·a,
417 3435 507 3504 ·um):
539 3437 612 3488 2'ron.
712 3451 751 3498 19·
778 3449 839 3487 cum
860 3475 866 3486 .
891 3474 897 3486 .
921 3473 927 3486 .
948 3434 1096 3499 gessisset:
1116 3430 1192 3501 aster

96 3521 225 3572 -ductus
236 3520 311 3571 erat:
330 3518 390 3571 had
399 3516 461 3569 been
473 3514 614 3568 stretclred.
664 3519 913 3585 maging-suos:
934 3515 1051 3569 observe
1069 3511 1116 3564 the
1136 3526 1192 3563 em·

153 3616 176 3664 7.
201 3599 378 3665 proditionis:
398 3596 614 3663 positissuis,
665 3595 760 3664 phatic
776 3596 897 3666 position
922 3593 971 3666 (cf.
994 3595 1041 3648 the
1066 3599 1131 3645 nole
1154 3606 1191 3642 on

98 3695 131 3747 s,
143 3681 279 3749 betrayal‚·
310 3679 345 3733 cf.
369 3677 415 3731 the
434 3676 500 3730 verb
525 3678 614 3742 prodo,
666 3689 752 3742 suum,
764 3693 791 3745 p.
810 3691 849 3742 11,
862 3676 880 3728 l.
895 3676 938 3742 6).

98 3761 113 3814 l.
128 3776 148 3813 1.
711 3771 753 3807 21.
779 3760 819 3808 eis
841 3758 925 3822 ipsis:
953 3756 1008 3808 dat.
1030 3769 1106 3815 case3
1128 3766 1192 3805 con·

140 3859 176 3893 η.
203 3842 250 3893 ille
262 3842 359 3892 miser:
379 3839 419 3904 lte,
429 3837 613 3909 poorsellow.
667 3844 740 3890 strue
754 3837 819 3890 with
833 3838 946 3890 invisus.
