2908 4300
462 335 577 395 FIRST
601 336 723 395 LATIN
749 335 913 397 READER

1177 353 1237 420 Ῑ77

138 524 254 594 terrini,
271 520 430 599 pristinae
445 517 576 581 virtutis
589 525 762 594 memores,
774 519 958 582 comminus
970 518 1090 582 acriter
1101 526 1236 595 instare,

138 620 186 682 illi
199 620 288 683 haud
305 620 419 685 timide
434 623 607 690 resistunt:
631 622 774 684 maxima
789 629 822 685 vi
836 630 990 686 certatur.
1184 689 1187 692 .

181 724 317 788 ·Interei
347 725 490 789 Catilina
520 745 595 789 cum
626 726 789 808 expeditis
814 725 848 788 in
874 734 980 808 primi
1005 728 1076 790 acie
1101 734 1235 802 versari,

139 827 364 891 laborantibus
396 848 598 905 succurrere,
629 828 778 911 integros
810 837 869 910 pro
903 831 1022 892 sauciis
1058 837 1236 905 arcessere,

114 932 249 1004 somnia
279 932 462 1013 providere,
494 932 634 996 multum
670 934 743 1015 ipse
778 940 939 1015 pugnare,
972 953 1071 1015 saepe
1107 933 1236 996 hostem

138 1035 252 1099 ferire:
276 1043 402 1099 strenui
418 1037 529 1100 militis
549 1047 582 1100 et
603 1037 682 1100 boui
704 1037 912 1119 imperatoris
934 1036 1043 1100 officia
1065 1036 1163 1100 simul
1186 1057 1238 1100 ex·

138 1139 345 1221 sequebatur.
395 1141 552 1217 Petreius,
570 1139 627 1203 ubi
642 1140 732 1204 videt
750 1142 936 1216 Catilinam,
953 1148 1124 1204 contritae
1145 1152 1236 1204 ratus

138 1255 217 1320 erat,
247 1252 368 1326 magni
392 1253 424 1307 vi
450 1246 597 1320 tendere,
625 1244 796 1308 cohortem
824 1245 1023 1328 praetoriam
1050 1244 1084 1307 in
1110 1244 1237 1307 medicis

138 1348 242 1411 hostis
268 1347 395 1411 inducit
422 1357 546 1431 eosque
573 1349 784 1430 perturbatos
811 1357 912 1431 atque
937 1349 1019 1411 alios
1051 1348 1130 1411 alibi
1161 1349 1237 1410 resi·

98 1460 254 1515 rostentis
281 1452 444 1528 interficit,
459 1452 579 1515 deinde
595 1452 762 1534 utrimque
785 1472 827 1515 ex
849 1451 1008 1516 lateribus
1031 1460 1160 1516 ceteros
1183 1452 1237 1514 ad-

137 1556 294 1636 greditur.
356 1556 502 1618 Manlius
533 1566 566 1619 et
598 1556 806 1620 Faesulanus
835 1557 868 1618 in
900 1566 1016 1640 primis
1046 1563 1236 1640 pugnantes

136 1659 269 1723 cadunt.
308 1660 460 1736 Catilina,
477 1669 655 1744 postquam
672 1661 767 1724 fusas
782 1659 895 1742 copias
912 1667 1015 1743 seque
1030 1680 1104 1724 cum
1123 1670 1236 1742 paucis

173 1879 195 1912 1.
222 1862 385 1913 comminus:
420 1859 491 1927 adv,
526 1865 558 1912 at
594 1859 660 1912 close

135 1947 273 2010 quarters.
282 1942 439 1992 -lnstirez
455 1940 536 2000 insto,
545 1954 567 2006 1,
576 1941 658 2004 -stitr,

137 2019 351 2090 presstlzefiglzt.
391 2021 473 2086 Here,
486 2018 542 2072 and
554 2019 659 2074 several

136 2100 215 2153 times
237 2099 333 2165 below,
352 2099 399 2153 the
421 2117 492 2170 pres.
514 2099 591 2152 infin.
618 2116 659 2153 re·

135 2179 225 2250 places
239 2197 255 2232 a
267 2179 342 2233 third
359 2196 461 2249 person
479 2179 511 2234 of
525 2180 573 2233 the
588 2179 656 2250 perf.

135 2277 167 2316 or
178 2259 283 2329 imperf.
298 2260 380 2315 indic.

170 2358 195 2392 a.
222 2342 279 2393 illi:
322 2343 367 2394 aie.
396 2342 470 2394 their
498 2346 657 2410 opponants.

132 2423 248 2472 -haud
260 2422 372 2473 timide:
386 2424 430 2474 in.
444 2420 531 2488 hardly
540 2423 659 2491 (timide,

132 2499 206 2566 adv,
218 2499 286 2553 with
303 2501 399 2571 sear).
413 2504 586 2554 —certritun
611 2503 657 2554 in.

134 2580 278 2632 dimicatur
287 2582 658 2651 (oerto‚1,-ivi,·ritumest).

169 2680 193 2727 3.
220 2665 322 2729 primi:
359 2659 404 2712 tlte
424 2661 511 2731 front
540 2662 588 2732 af,
624 2659 657 2716 ci.

134 2744 181 2798 the
193 2760 242 2797 use
254 2741 286 2796 oi
294 2755 437 2807 summurn,
450 2758 477 2811 p.
495 2756 552 2808 104,
565 2742 583 2794 l.
598 2757 626 2808 4.

169 2844 193 2889 4.
217 2821 419 2875 laborantibus:
436 2830 504 2890 part.
525 2825 577 2894 (sc.
593 2823 657 2891 eis),

132 2907 205 2966 those
227 2903 305 2957 hard
320 2902 655 2971 pressea-succurrere:

132 2989 177 3044 ιζι.
206 2984 309 3037 auxilio
333 2986 426 3034 venire
456 2982 600 3051 (succurri,
631 2999 657 3052 3,

133 3070 222 3132 -curri,
230 3079 347 3118 -cursrun
358 3065 427 3133 est).
439 3093 473 3102 -
482 3064 545 3127 pro:
565 3061 657 3134 freely,

132 3147 286 3217 toreplacc.
300 3144 463 3196 -sauciis2
491 3143 537 3195 in.
564 3146 657 3197 vulne-

132 3232 200 3282 ritis
215 3227 344 3299 (saucius,
357 3240 394 3291 -a,
407 3223 490 3291 ·um).

167 3315 193 3361 o.
219 3308 315 3361 ferire:
347 3307 392 3358 tle.
409 3306 546 3372 percutere
565 3305 656 3376 (ferio,

131 3403 157 3458 4,
188 3418 266 3456 —,
290 3385 386 3454 -).
399 3388 654 3452 -exsequeurturz

130 3473 172 3524 in.
180 3470 338 3536 praestruat
345 3468 497 3538 (exsequor,
506 3481 530 3534 3,
537 3470 656 3520 -seor'rtm

131 3551 224 3621 sum);
239 3548 273 3604 cf·
287 3566 314 3618 r·
333 3562 390 3617 1292
403 3547 420 3599 1·
432 3562 459 3616 9-

166 3647 191 3696 7.
217 3632 324 3684 contri:
353 3627 424 3693 adv,
437 3627 476 3680 lit.
490 3627 654 3696 dfferemljr.

129 3727 219 3766 -acz
244 3711 324 3776 than,
342 3707 381 3761 lit.
402 3724 442 3759 as.
483 3706 544 3760 The
567 3707 656 3761 whole

709 1861 811 1927 tentus,
822 1859 923 1913 stretclr
931 1878 942 1925 ,·
972 1860 1045 1925 here,
1058 1865 1132 1913 exart
1152 1860 1237 1929 (one's

708 1939 957 2010 sels).—me‹liis:
986 1939 1048 1993 who
1070 1943 1170 2010 occupy
1192 1939 1237 1992 the

709 2026 809 2073 center.
926 2067 931 2078 ,

771 2118 796 2165 9.
823 2102 942 2154 inducit:
967 2102 1071 2166 indico,
1101 2117 1125 2169 3,
1149 2102 1235 2168 ·dirxi

710 2183 826 2249 ·ductue,
859 2181 900 2234 lit.
934 2181 999 2234 lead
1034 2182 1185 2251 (against).
1201 2212 1235 2221 -

709 2264 807 2327 atque:
832 2261 998 2331 connecting
1015 2260 1063 2314 the
1081 2269 1135 2314 two
1152 2261 1235 2330 parti-

710 2341 804 2411 ciples.
815 2344 924 2395 -alios
943 2343 1024 2394 alibi:
1047 2358 1120 2393 some
1136 2343 1167 2393 in
1186 2359 1236 2394 ane

712 2421 800 2491 place,
824 2438 897 2474 some
919 2424 950 2474 in
974 2421 1108 2486 anathem·
1133 2420 1166 2475 cf.
1185 2423 1234 2474 alii

710 2502 842 2569 inaliam,
855 2520 882 2571 p.
897 2503 940 2568 80,
953 2501 971 2554 l.
987 2516 1012 2572 5.

755 2599 795 2634 ro.
822 2583 972 2648 utrimque:
995 2580 1069 2649 adv,
1091 2599 1125 2635 on
1147 2583 1234 2636 rather

708 2664 774 2716 side.
783 2664 970 2715 —lateribusz
984 2661 1019 2716 ci.
1031 2665 1125 2726 latera,
1135 2680 1161 2731 p.
1176 2663 1234 2729 161,

709 2742 727 2795 l.
742 2743 768 2810 8,
781 2742 836 2796 and
849 2742 905 2812 (ior
923 2743 971 2796 the
987 2742 1102 2797 formos
1117 2742 1231 2813 phrase)

708 2825 833 2877 omnibus
847 2838 881 2876 ex
893 2825 1024 2891 partibus,
1036 2832 1089 2878 etc.
1097 2854 1131 2863 —
1139 2825 1233 2890 adgre-

709 2905 796 2958 ditur:
822 2906 867 2958 ate.
887 2907 1007 2959 adoritur
1026 2906 1188 2975 (adgredior,
1207 2920 1232 2973 3,

708 2999 826 3051 ·gresm
838 2983 924 3053 sum).
945 2984 1067 3038 Petreius
1079 2985 1138 3038 first
1148 2983 1232 3039 broke

708 3065 828 3136 through
836 3066 883 3119 the
892 3074 992 3131 center,
1000 3065 1055 3118 and
1066 3065 1132 3119 then
1143 3073 1172 3120 to
1185 3066 1232 3118 the

708 3144 1233 3216 rigbtandleftmadeaflankattackup

707 3224 1230 3297 ontheremnantsoftheenemy'sline.

754 3325 792 3359 rr.
820 3308 938 3360 lliinlius
981 3309 1009 3358 et
1049 3307 1229 3358 Faesulanus:

706 3387 835 3440 Manlius
845 3388 908 3440 and
915 3387 960 3440 tlte
971 3387 1067 3439 calanen
1086 3386 1122 3456 af
1128 3388 1232 3440 Faesu-

706 3467 749 3520 lae
764 3470 795 3536 (a
811 3476 885 3522 town
903 3466 934 3520 oi
946 3466 1078 3536 Etruria),
1091 3465 1231 3521 Catiline's

707 3546 783 3601 chief
791 3547 964 3601 lieutenants.
974 3577 1008 3586 -
1018 3547 1169 3614 inprimis:
1189 3549 1231 3601 in.

706 3629 737 3680 in
748 3627 793 3680 tlte
796 3628 883 3698 frant
894 3627 978 3681 rank.
1230 3679 1236 3690 ,

753 3725 791 3759 12.
819 3707 911 3760 frisia:
930 3706 1023 3774 fundi,
1031 3722 1056 3775 3,
1066 3707 1134 3775 iridi,
1145 3707 1231 3777 tirsus,

129 3786 653 3862 phrase=praeterspem,p.161,l.10.
705 3794 814 3840 scorrer.
830 3817 863 3827 —
876 3791 986 3854 paucis:
1017 3789 1063 3842 ia.
1101 3789 1178 3860 (but)
1212 3807 1232 3843 a

165 3881 190 3926 8.
216 3875 341 3927 tendere:
376 3870 467 3938 tondi,
491 3882 518 3938 3,
541 3869 654 3931 tetendi,

705 3868 835 3938 handful.
