2824 4292
218 263 259 345 36
544 267 657 324 rnasr
684 268 803 325 mnu
832 268 994 324 unauna

219 445 334 520 noluit,
361 467 423 510 nec
451 449 575 528 gratias
602 449 728 511 colonis
755 450 832 530 egit,
859 455 917 530 qui
946 468 1082 530 operam
1114 469 1226 512 suam
1264 448 1352 510 ultro
1379 520 1384 543 1

220 548 356 631 polliciti
376 561 472 614 sunt:
497 571 572 613 nam
596 559 639 614 ne
661 561 877 634 conspectum
900 553 1033 634 quidem
1057 552 1252 633 legionum
1280 558 1349 613 sua·
1380 535 1390 628 ᾗ

218 673 290 716 rum
308 653 448 736 putabat
465 655 568 717 Indos
584 675 658 718 esse
674 657 809 718 laturos.
1379 640 1384 675 ¹

645 946 828 1010 LESSON
862 963 901 1026 3²

598 1129 797 1192 Braddock's
820 1131 942 1210 Deferrt

263 1294 434 1359 Postremo
449 1303 537 1368 verb.
554 1315 630 1358 cum
652 1293 685 1357 in
708 1296 796 1357 fines
818 1294 962 1357 hostium
985 1293 1087 1377 longe
1108 1296 1174 1358 iter
1195 1296 1336 1358 factum

194 1409 316 1473 sesset,
341 1398 450 1460 subito
472 1399 504 1460 in
531 1398 621 1461 silvis
645 1398 805 1460 Indorum
830 1398 975 1459 ululatus
998 1409 1049 1461 est
1072 1398 1234 1474 auditus3
1263 1409 1334 1460 tum

218 1501 284 1563 tela
307 1501 450 1582 plurima
473 1503 609 1564 inmissa
634 1511 721 1576 sunt,
746 1521 784 1564 ac
809 1501 929 1564 milites
962 1500 1151 1574 Britannici,
1180 1511 1247 1582 qui
1280 1503 1335 1564 ho
1387 1555 1390 1588 r

219 1615 302 1668 stem
327 1606 454 1666 nullum
469 1604 636 1680 videbant,
658 1606 806 1688 undique
822 1606 941 1668 cadere
963 1611 1154 1686 coeperunt.
1206 1605 1333 1669 Coloni
1387 1589 1388 1660 i

218 1708 350 1771 interim
368 1707 402 1772 in
424 1709 540 1772 silvam
562 1709 714 1773 celeriter
736 1709 942 1791 inruperunt,
960 1709 1203 1791 arboribusque
1228 1709 1332 1772 inter·
1387 1687 1390 1774 i

220 1815 335 1893 positis
351 1833 427 1876 cum
441 1813 534 1875 indis
550 1815 670 1876 acriter
686 1813 900 1895 pugnabant3
925 1823 960 1876 at
976 1813 1156 1895 imperator
1172 1813 1330 1894 legiones

179 1917 251 1984 roin
268 1917 321 1979 via
337 1915 481 1981 habebat
499 1925 688 1993 instructaS,
705 1937 767 1980 nec
789 1925 867 1980 suos
886 1917 960 1980 loco
977 1917 1095 1980 cedere
1118 1937 1242 2000 passus
1267 1927 1327 1990 est,

219 2041 420 2104 quamquam
447 2022 584 2084 caedem
612 2021 787 2084 maximam
813 2022 884 2084 fieri
911 2019 1083 2084 sentiebat
1132 2020 1256 2101 Itaque
1281 2021 1327 2082 illi

219 2145 326 2207 paene
342 2133 458 2189 omnes
477 2137 534 2190 aut
555 2127 725 2190 interiecti
745 2135 823 2189 sunt
843 2135 900 2188 aut
917 2125 1089 2201 vulnerati,
1106 2145 1145 2187 ac
1167 2125 1325 2188 Braddoc

219 2229 291 2310 ipse
308 2229 429 2292 vulnus
451 2231 588 2312 accepit,
609 2251 649 2293 ex
673 2217 739 2312 quo
762 2229 863 2312 paulo
884 2239 961 2309 post
982 2238 1131 2291 mortuus
1149 2238 1212 2290 est.
1259 2230 1324 2292 Va-

220 2331 331 2412 singto
347 2334 466 2396 milites
491 2335 682 2415 perterritos
706 2341 813 2416 primo
834 2334 1001 2395 cohortari
1016 2339 1163 2406 conatus,
1181 2333 1321 2414 impera·

180 2442 289 2518 r5t6re
319 2437 493 2500 vulnerato
523 2441 686 2501 exercitus
712 2437 868 2518 reliquias
894 2435 936 2498 ad
963 2446 1072 2498 castra
1097 2436 1236 2511 reduxit,
1266 2437 1321 2498 ubi

219 2539 458 2621 impedimenta
474 2544 616 2604 maxima
628 2543 742 2604 relicta
755 2549 859 2604 erant.
900 2539 961 2614 Ibi,
973 2538 1114 2602 concilio
1126 2546 1318 2615 convocato,

219 2643 343 2706 tribuni
364 2647 640 2728 centurionesque
661 2645 811 2708 celeriter
827 2651 845 2705 e
863 2641 988 2705 finibus
1010 2644 1155 2706 hostium
1177 2641 1239 2704 sibi
1257 2644 1319 2706 dis·-

220 2747 405 2810 cedendum
421 2768 496 2811 esse
512 2757 706 2811 statuerunt.
725 2737 726 2741 ¹

264 2849 341 2932 Quo
363 2851 488 2932 proelio
505 2852 687 2915 admoneor
703 2862 740 2915 ut
755 2853 862 2915 dicam
880 2851 923 2913 de
937 2851 1151 2914 incommodo
1167 2853 1313 2926 maximo,

179 2954 308 3035 20quod
324 2960 344 3015 a
361 2955 522 3017 Romanis
540 2965 714 3036 acceptum
734 2964 785 3017 est
806 2955 895 3036 apud
915 2954 1023 3017 lacum
1040 2955 1312 3031 Trasumennum,

282 3169 304 3217 7.
329 3153 474 3205 videbant:
506 3170 546 3206 we
576 3153 665 3207 would
695 3169 744 3223 say
840 3170 878 3204 ια.
903 3155 1092 3206 aut...aut:
1111 3153 1301 3206 ceillerum.

220 3232 324 3287 “could
333 3235 403 3288 see.'’
840 3252 878 3297 14.
901 3235 1062 3298 imperatore
1068 3235 1309 3286 vulnerithmrans-
1389 3252 1390 3301 i

281 3321 305 3366 8.
330 3315 514 3366 arboribus..
536 3315 740 3379 .interpositis:
794 3313 847 3366 late
872 3313 944 3382 bya
967 3314 1067 3382 phrase
1095 3312 1251 3367 introduced
1275 3313 1307 3382 by

219 3393 311 3465 ireely‚
330 3396 440 3465 getting
463 3393 565 3446 beltmd
584 3401 671 3458 trees,·
700 3394 739 3446 lit.
794 3393 914 3446 “asten''
1340 3391 1342 3394 ’

219 3473 309 3529 what?
841 3489 878 3537 ¹7·
904 3475 1096 3526 discedendum
1117 3488 1191 3525 esee:
1220 3473 1305 3541 imper-
1389 3471 1390 3493 ¹

265 3573 303 3608 ro.
329 3557 462 3607 habebat:
482 3554 682 3625 kept-suos:
708 3554 742 3608 cf.
795 3554 874 3607 sonal
886 3571 935 3607 use
946 3553 980 3616 ,of
989 3554 1036 3608 the
1044 3554 1203 3624 gerundive.
1385 3547 1390 3641 i

219 3639 335 3701 auorum,
367 3652 437 3706 page
474 3651 516 3702 30,
541 3634 558 3687 l.
595 3639 742 3704 9.—loc3:
842 3652 879 3698 19·
905 3637 951 3687 ut:
971 3641 1008 3688 to.
1385 3645 1388 3667 ¹

216 3717 299 3788 from
310 3715 382 3768 tltet'r
389 3715 483 3787 places
491 3733 500 3780 ;
520 3713 554 3768 cf.
569 3714 617 3767 the
630 3724 695 3768 note
708 3732 745 3768 on
838 3732 879 3766 20.
904 3717 993 3780 apud:
1022 3719 1061 3767 at.
1071 3718 1202 3768 -lacunr
1219 3717 1301 3767 Trasu-

220 3813 245 3866 p.
260 3809 284 3862 7,
298 3796 315 3847 l.
329 3811 356 3860 4.
797 3808 939 3846 mennum:
959 3793 989 3845 in
1002 3795 1084 3846 north
1097 3794 1199 3848 central
1211 3794 1274 3863 Italy.

1209 3901 1212 3910 ι

1054 4259 1241 4271 γγ.,,..ΐ--ᾼ
1294 3862 1390 4266 ἡ]
