2824 4292
426 317 540 374 FIRST
566 318 688 375 LATIN
715 318 879 375 READER
1162 340 1203 403 39

92 497 219 574 noluit,
236 499 295 561 sed
312 497 411 561 etiam
436 498 470 560 in
494 497 686 561 Americam
710 500 800 563 misit
822 501 943 564 milites
961 501 1092 579 multos,
1110 510 1166 585 qui
1185 510 1204 566 ῑι

92 603 229 665 colonis
245 603 404 665 audaciae
422 610 547 684 poenas
569 613 767 684 repeterent.

144 707 252 789 Apud
275 707 437 789 oppidum
461 727 610 789 parvum,
628 707 763 773 nomine
786 708 1039 791 Lexingtonem,
1061 719 1204 795 primum

95 819 367 894 pugnatumest,
384 817 597 892 magnacum
618 813 721 876 caede
746 814 1002 891 Britannorum
1027 836 1103 878 nam
1121 818 1205 898 agri-

63 947 81 1002 5
95 919 207 994 colae,
223 925 326 981 muris
343 917 555 1000 interpositis,
572 918 639 980 tela
661 917 803 1000 plurima
819 918 1015 983 inmiserunt
1030 922 1065 983 in
1082 922 1203 997 hostes

96 1031 159 1106 qui
175 1025 222 1088 ita
238 1045 295 1088 sex
311 1025 400 1087 milia
416 1044 573 1105 passuum
590 1031 628 1087 se
642 1025 791 1106 recipere
807 1031 914 1088 coacti
929 1026 1062 1089 suntad
1078 1025 1204 1102 urbem,

97 1129 193 1192 unde
210 1129 309 1211 paulo
325 1139 402 1193 ante
426 1129 569 1211 profecti
583 1138 689 1192 erant.
736 1128 867 1211 Quibus
890 1129 990 1193 rebus
1006 1130 1114 1205 iactis,
1131 1150 1206 1193 con-

98 1231 215 1296 cilium
227 1233 325 1309 idem,
339 1233 428 1316 quod
441 1233 483 1297 ad
493 1240 606 1314 regem
618 1231 745 1297 litteras
757 1243 901 1309 miserat,
920 1253 1080 1316 quaerere
1096 1234 1206 1315 coepit

99 1335 348 1420 imperatorem,
372 1347 430 1419 qui
451 1346 559 1401 omnis
582 1337 696 1419 copias
716 1337 938 1401 Americanis
962 1338 1108 1401 duceret.
1156 1338 1207 1402 Ci-
1283 1355 1287 1364 ·

52 1466 89 1506 10
100 1447 161 1504 ves
190 1440 316 1505 scilicet
339 1443 497 1504 memoria
523 1440 683 1504 tenebant
710 1449 763 1504 res
787 1448 900 1523 gestas
925 1442 1144 1522 Vasingtonis
1171 1443 1206 1504 in

101 1543 201 1620 bello,
218 1545 308 1627 quod
332 1551 446 1626 paucis
462 1554 539 1606 ante
557 1552 652 1607 annis
669 1564 743 1607 cum
767 1545 872 1608 Gallis
894 1545 1054 1626 Indisque
1071 1555 1204 1626 gestum

102 1657 196 1725 erat;
221 1653 325 1730 quare
345 1647 401 1710 ille
421 1655 552 1710 summo
568 1655 707 1712 assensu
725 1649 874 1710 omnium
890 1648 958 1710 dux
981 1647 1074 1711 brevi
1096 1648 1207 1712 factus

103 1759 165 1816 est.

523 1920 707 1984 LESSON
740 1932 778 1998 35

405 2119 410 2126 .
433 2085 625 2168 Operatzons
646 2086 747 2149 about
766 2085 887 2149 Boston

151 2241 219 2306 Sed
234 2249 412 2322 antequam
429 2242 596 2321 Vasingto
609 2244 642 2303 in
660 2241 866 2303 Britanniam
885 2239 1016 2303 Novam
1035 2248 1208 2323 pervenire

69 2346 224 2428 15potuit,
241 2344 359 2408 iterum
383 2344 502 2407 acriter
525 2352 712 2430 pugnatum
735 2353 785 2406 est
813 2343 846 2406 in
871 2344 1017 2425 quodam
1040 2344 1134 2419 colle,
1153 2344 1209 2406 ubi

111 2455 225 2532 postea
260 2447 453 2511 Americani
488 2449 677 2511 columnam
711 2446 888 2510 maximam
919 2455 1034 2510 eorum
1072 2450 1208 2511 nomine

111 2561 303 2630 statuerunt,
321 2559 377 2635 qui
401 2551 446 2614 ibi
471 2560 531 2632 pro
558 2551 708 2615 libertate
735 2561 835 2614 vitam
862 2571 957 2614 suam
984 2551 1095 2632 largiti
1122 2563 1207 2616 sunt.
1290 2549 1297 2562 “

113 2659 160 2722 Eo
175 2659 209 2720 in
226 2657 352 2738 proelio
369 2655 520 2719 Britanni
537 2664 703 2731 vicerunt;
721 2656 779 2718 sed
796 2662 839 2718 ne
856 2656 969 2720 hostes
982 2656 1117 2738 quidem
1130 2657 1210 2720 satis

112 2763 243 2825 laudare
260 2771 413 2843 poterant
428 2763 584 2824 virtutem
605 2761 807 2833 colonorum,
825 2767 883 2842 qui
901 2759 1063 2842 impetum
1083 2767 1211 2825 vetera·

73 2874 226 2929 annorum
242 2876 308 2928 tam
326 2867 485 2928 audacter
500 2872 710 2946 exceperant.

153 2971 325 3052 Vasingto,
344 2979 520 3052 postquam
542 2970 619 3032 illuc
636 2968 797 3049 pervenit,
815 2967 920 3031 hostis
937 2975 1069 3031 menses
1089 2968 1211 3032 multos

79 3106 82 3112 ’
171 3139 193 3173 2.
218 3119 634 3192 aurnu0:sar(1rt.ff)treir
732 3121 964 3171 1⁶.corumnam=
996 3121 1130 3187 columna,
1161 3134 1213 3187 ue,

115 3203 359 3256 mutabordination.
685 3214 720 3266 m,
768 3205 936 3254 mnument.
950 3201 1122 3254 -nominer
1181 3203 1211 3254 in

171 3301 194 3346 3·
219 3285 307 3349 apud:
324 3285 569 3348 nean-primum:
587 3281 633 3334 the
683 3279 779 3334 honor.

115 3362 220 3417 adverb.
731 3377 770 3425 17.
795 3363 966 3414 statuerunt:
987 3363 1031 3414 tle.
1053 3363 1210 3427 posuerunt.

172 3451 195 3496 ⁶.
221 3445 277 3497 ita:
297 3445 342 3497 i.c.
357 3443 445 3498 under
457 3460 473 3496 a
486 3443 535 3497 hot
548 3442 605 3496 fire.
685 3445 830 3495 —ritamz
852 3440 983 3495 translate
996 3458 1027 3495 as
1040 3441 1148 3513 though
1164 3440 1213 3496 the

173 3541 195 3590 7.
221 3526 378 3579 concilium:
430 3523 632 3597 (deliberative)
687 3539 761 3577 noun
774 3538 845 3577 were
857 3522 952 3591 plural.

117 3606 185 3674 body.
732 3611 771 3656 18.
796 3606 841 3656 οδε
862 3601 987 3656 modifier
999 3601 1031 3655 of
1039 3604 1150 3669 proelio.

172 3704 197 3750 9·
221 3690 310 3740 cives:
325 3684 397 3757 (his)
407 3685 634 3756 follow-citizens.
730 3702 770 3736 21.
795 3684 936 3750 vaningto,
973 3686 1134 3749 postquam:
1174 3681 1210 3738 ef.

159 3785 195 3819 ιο.
220 3767 351 3820 memorii
361 3767 507 3818 tenebant:
522 3766 566 3818 ae.
578 3765 639 3817 had
686 3765 734 3818 the
759 3773 824 3820 note
845 3781 883 3819 on
904 3766 1096 3832 hostiarum,
1116 3780 1145 3834 p.
1168 3778 1212 3832 20,

120 3854 161 3902 not
169 3849 320 3920 forgottcn.
686 3845 704 3897 l.
728 3859 768 3911 17·
778 3845 903 3898 -illr'tcz
922 3844 996 3913 adu,
1008 3843 1121 3898 tkae'ther.
