2920 4296
477 329 592 388 FIRST
617 329 740 388 LATIN
767 331 930 388 READER
1195 345 1252 410 105

152 521 227 578 sero
249 513 446 588 adferretur,
472 512 725 587 constituerunt,
754 518 782 575 si
808 520 955 595 possent,
981 511 1159 576 Britannos
1188 513 1254 594 ipsi

151 618 327 682 deterrere.

196 724 276 786 Post
291 722 436 797 domum,
453 740 538 804 quae
554 721 588 783 in
605 720 836 803 promunturio
860 720 968 803 posita
983 730 1065 795 erat,
1082 721 1165 784 silva
1181 729 1254 784 erat

152 848 262 911 parva.
312 828 430 909 Itaque
459 825 561 901 liberi,
592 844 667 887 cum
695 824 737 886 ad
765 825 865 887 aedes
893 827 1123 900 cucurrissent,
1152 833 1252 888 armis

126 932 328 1004 seonfestim
356 937 507 1012 arreptis,
536 935 632 1012 porta
660 935 788 1012 postici
815 929 849 991 in
875 928 990 991 silvam
1013 929 1098 992 clam
1126 935 1253 1010 egressi

152 1046 246 1113 sunt;
272 1046 342 1097 tum
358 1045 468 1098 autem
486 1034 597 1114 palam
615 1039 633 1095 ὃ
649 1034 731 1095 silva
750 1032 783 1094 in
803 1033 903 1096 aedes
927 1053 1002 1096 cum
1019 1041 1119 1094 armis
1135 1053 1252 1115 prope-

150 1148 315 1203 raverunt.
363 1138 463 1222 Quod
478 1139 566 1201 idem
584 1158 660 1200 cum
678 1139 811 1220 saepius
826 1137 996 1212 fecissent,
1017 1138 1178 1214 Britanni,
1195 1146 1252 1220 qui

150 1243 400 1326 conspiciebant
420 1243 536 1326 procul
557 1263 620 1306 nec
641 1243 819 1325 quicquam
841 1242 941 1325 plane
957 1242 1068 1305 videre
1085 1252 1249 1325 poterant,

151 1369 286 1412 manum
311 1368 466 1430 magnam
493 1349 527 1411 in
555 1348 655 1411 aedes
687 1347 884 1411 convenisse
910 1355 980 1424 rati,
1008 1348 1248 1431 pedetemptim

111 1462 262 1517 rotamen
286 1453 443 1534 progredi
466 1459 781 1534 perseveraverunt:
814 1452 893 1514 dum
919 1460 999 1516 vero
1023 1464 1156 1535 praeter
1180 1463 1252 1536 pro

150 1559 352 1620 munturium
370 1558 538 1639 navigant,
558 1556 667 1620 subito
682 1556 766 1619 alter
781 1576 823 1619 ex
838 1557 948 1620 liberis
961 1558 1086 1622 inmisit
1098 1559 1199 1621 telum
1210 1579 1249 1621 ac

149 1662 407 1744 gubernatorem
431 1662 576 1743 graviter
590 1661 796 1738 vulneravit;
819 1670 877 1744 qui
900 1682 973 1725 cum
1000 1664 1176 1745 prolapsus
1192 1684 1249 1745 gu-

148 1765 328 1830 bernacula
352 1773 371 1828 e
393 1765 546 1828 manibus
570 1766 757 1841 dimisisset,
775 1767 869 1828 nivis
893 1773 912 1828 ὃ
934 1774 1032 1830 cursu
1050 1767 1185 1831 flumine
1202 1788 1249 1830 se-

148 1871 259 1933 eundo
271 1871 351 1933 ferri
361 1880 481 1951 coepta
492 1879 552 1932 est.
594 1869 704 1952 Quam
718 1867 760 1932 ob
773 1890 843 1932 rem
856 1871 1015 1947 Britanni,
1030 1879 1065 1933 se
1078 1879 1124 1934 sic
1141 1879 1248 1934 omnis

109 1991 137 2044 15
148 1975 289 2037 interfici
305 1994 404 2055 posse
421 1973 579 2049 arbitrati,
597 1975 710 2036 animo
725 1973 861 2036 minimi:
875 1983 983 2057 aequo
1000 1982 1035 2037 se
1050 1982 1248 2058 reciperunt

147 2079 189 2141 ad
206 2078 377 2159 oppidum,
394 2077 483 2139 unde
499 2084 607 2159 nuper
623 2078 767 2160 proiecti
781 2088 885 2141 erant.

571 2301 755 2366 LESSON
787 2305 828 2365 88

480 2468 645 2531 Horatius
667 2479 704 2530 at
726 2469 778 2532 tlte
799 2469 925 2552 Bridge

192 2623 288 2706 Quae
305 2631 357 2687 res
374 2622 596 2686 memorabilis
612 2630 666 2684 me
682 2623 842 2686 admonet
857 2624 899 2686 de
910 2625 1059 2689 facinore
1076 2628 1174 2691 simili
1190 2630 1248 2693 sed

147 2729 280 2802 maiore,
298 2728 386 2810 quod
404 2728 532 2790 Romae
549 2726 731 2807 antiquitus
742 2726 784 2790 ab
803 2728 945 2791 Horatio
960 2731 1106 2812 quddam
1121 2732 1248 2796 iactum

147 2851 220 2894 esse
247 2831 396 2894 triditur.
445 2832 530 2896 Cum
560 2829 648 2893 enim
681 2828 805 2892 bellum
828 2838 848 2893 ῖι
872 2840 950 2913 rege
975 2834 1138 2897 Porsinna
1160 2847 1250 2900 esset

105 2957 137 2992 20
149 2937 308 2997 Romanis
324 2935 495 3011 indictum,
509 2935 694 2998 Ianiculum
710 2935 837 3016 impetu
855 2945 1031 3018 repentino
1046 2950 1182 3020 captum
1199 2951 1251 3005 est

191 3088 214 3122 1.
240 3074 313 3123 siro:
333 3069 408 3138 adv,
417 3069 488 3134 latu
504 3067 532 3122 in
543 3068 598 3123 this
609 3086 671 3124 con·
785 3077 810 3122 8.
839 3073 997 3138 quicquam:
1025 3081 1099 3128 neut.
1124 3073 1156 3129 of
1177 3077 1250 3141 quis-

145 3158 212 3219 text,
224 3157 266 3203 too
277 3151 339 3204 late.
721 3166 803 3218 quam
817 3152 867 3224 (ci.
881 3171 908 3223 p.
921 3168 946 3220 2,
959 3153 978 3206 l.
996 3157 1052 3226 11).

189 3248 213 3295 3.
238 3233 360 3284 domum:
403 3230 503 3303 (thet‘r)
536 3231 620 3284 honre.
635 3262 671 3269 -
767 3251 806 3284 11.
831 3236 962 3287 alterex:
983 3236 1079 3307 oncof
1094 3237 1157 3308 (the
1166 3238 1247 3305 two).

144 3313 235 3378 posita
246 3315 319 3364 erat:
339 3311 400 3365 had
408 3313 470 3365 been
483 3313 557 3365 built.
767 3332 806 3377 13.
831 3318 963 3370 secundo:
979 3314 1013 3369 cf.
1028 3333 1056 3386 p.
1071 3318 1114 3383 87,
1127 3317 1145 3369 l.
1164 3318 1205 3372 18.

189 3407 213 3456 5.
240 3395 334 3459 porti:
355 3394 440 3458 door,·
460 3393 501 3447 for
512 3402 620 3463 syntax,
635 3392 668 3446 cs.
767 3415 807 3459 14.
834 3400 989 3464 coeptaest:
1011 3397 1045 3452 ci.
1064 3397 1111 3452 the
1129 3407 1195 3452 note
1211 3416 1249 3453 on

144 3475 252 3536 semitis,
274 3490 303 3542 p.
327 3487 384 3541 103,
405 3475 424 3526 l.
448 3487 489 3539 17.
504 3479 667 3541 -posticr2
720 3480 830 3543 coeptus
843 3481 893 3544 est,
907 3495 933 3547 p.
947 3477 989 3534 66.
1003 3478 1020 3530 1.
1036 3493 1076 3530 12.

144 3556 273 3621 poeticus,
292 3569 328 3620 -a,
349 3569 414 3620 -um,
426 3554 500 3607 back.
765 3564 804 3610 18.
832 3561 947 3612 Romae:
968 3567 1035 3612 note
1048 3558 1107 3612 that
1128 3559 1183 3612 this
1196 3559 1249 3614 isa

189 3650 212 3697 7.
237 3635 325 3686 idem:
349 3643 414 3688 note
427 3635 474 3689 the
488 3635 600 3706 gender,
612 3635 668 3688 and
720 3645 794 3691 town
807 3655 895 3692 name.

143 3712 176 3768 ci.
196 3732 224 3783 p.
248 3713 344 3782 103,1.
368 3719 581 3782 12.—saepius:
601 3733 668 3770 ouer
764 3734 805 3770 20.
833 3721 997 3771 ianiculum:
1019 3737 1034 3772 a
1060 3720 1107 3773 hill
1139 3739 1175 3774 on
1201 3722 1248 3776 the

142 3795 205 3847 and
218 3810 286 3847 over
303 3797 406 3864 agaim
424 3795 498 3850 what
512 3801 561 3850 use
577 3795 609 3850 oi
621 3797 668 3850 the
720 3806 787 3852 west
799 3797 873 3851 bank
891 3798 922 3853 os
938 3800 984 3853 the
1004 3800 1097 3865 Tiber,
1119 3802 1247 3872 opposite

143 3875 280 3944 compari
721 3880 817 3932 Rome.
