2920 4296
222 234 264 298 80
548 231 662 291 FIRST
688 231 810 290 LATIN
837 231 1002 290 READER

223 422 298 500 qud,
314 424 352 479 ut
367 414 493 479 iussum
510 424 591 490 erat,
604 420 706 478 nives
721 415 786 476 iam
804 414 979 488 redierant,
997 421 1034 477 ut
1048 411 1095 476 ibi
1110 411 1234 476 ducem
1254 411 1341 475 mili-

223 527 341 603 tesque
356 525 597 602 exspectarent.
646 518 714 584 Sed
730 519 843 582 hostes
860 527 975 600 paucis
995 525 1071 599 post
1091 517 1269 580 mensibus
1291 517 1339 578 al-

224 630 295 688 tere
308 629 423 706 pugni
435 624 513 687 victi
529 631 614 699 sunt,
627 642 736 707 neque
749 642 906 706 umquam
921 629 1038 705 posted
1054 621 1208 684 inisrriam
1227 621 1337 682 srllam

225 727 350 792 coldnis
365 727 477 792 facere
490 734 685 809 potuerunt·;
702 736 782 811 quin
798 729 898 791 etiam
914 726 1008 791 brevi
1022 727 1057 789 in
1071 732 1192 789 manfis
1208 730 1338 807 parvis
1445 799 1446 802 Ἴ

200 832 330 915 5div1sl,
347 831 402 895 alir
416 831 450 895 in
466 833 564 895 aliam
581 833 750 896 nitidnem
767 839 863 895 asciti
878 841 966 896 sunt.

647 1087 831 1155 LESSON
862 1089 904 1151 68

601 1272 632 1336 Α
657 1273 810 1356 Difficult
829 1273 955 1356 Escape

269 1437 449 1522 Quondam
469 1447 564 1520 pueri
582 1436 648 1500 duo
671 1435 742 1500 sine
761 1435 879 1499 timbre
898 1435 933 1500 in
955 1448 1043 1519 agris
1065 1449 1188 1521 apertis
1210 1440 1337 1504 cotidie

226 1541 437 1620 laborabann
461 1562 548 1618 nam,
566 1549 629 1605 etsi
644 1542 754 1606 eoldni
769 1551 840 1603 tum
856 1539 980 1604 bellum
1001 1563 1077 1606 cum
1098 1545 1203 1608 Gallis
1226 1545 1336 1608 Indis-

226 1666 292 1729 que
308 1647 477 1729 gerebant,
495 1647 528 1708 in
546 1647 597 1710 his
613 1646 806 1728 regidnibus
822 1653 921 1709 nemd
939 1647 1098 1710 barbards
1118 1649 1203 1712 r'rllds
1223 1657 1335 1730 nr'rper

225 1751 363 1814 viderat.
412 1751 479 1815 Sed
495 1751 572 1815 dlim
589 1751 656 1814 duo
674 1751 750 1812 Indi
766 1750 876 1825 subitt')
891 1771 931 1814 ex
952 1751 1126 1816 arboribus
1148 1760 1335 1835 erdperunt

187 1886 218 1923 ro
227 1857 394 1938 proximis,
413 1865 591 1938 puerisque
606 1865 747 1938 arreptis
764 1863 800 1918 se
816 1855 987 1919 celerrime
1006 1857 1041 1918 in
1063 1857 1180 1920 silvam
1200 1865 1335 1939 recepe-

227 1970 312 2024 runt.
354 1961 429 2043 Qud
446 1968 481 2023 re
497 1968 583 2024 nove
600 1962 794 2042 perterritus
811 1981 894 2042 puer
911 1961 1018 2034 minor
1033 1961 1113 2024 flere
1129 1963 1253 2044 coepit;
1272 1963 1333 2025 sed

227 2065 318 2140 alter,
336 2073 394 2148 qui
409 2065 507 2147 plz‘rne
524 2065 688 2129 sentiebat
704 2066 817 2129 fletum
834 2065 916 2127 nihil
933 2065 1145 2146 prdfutr’rrum
1167 2086 1250 2142 esse,
1268 2066 1334 2128 fri-

227 2179 310 2233 trem
335 2171 485 2234 hortatus
508 2180 559 2233 est
582 2181 618 2233 ut
641 2178 677 2234 se
700 2170 831 2236 fortiter
853 2179 994 2252 gereret.
1043 2171 1105 2233 Per
1126 2171 1242 2234 silvam
1265 2177 1334 2232 ῡιιᾶ

229 2293 304 2336 cum
321 2281 461 2356 captivis
476 2274 541 2338 iam
559 2275 785 2357 properabant
800 2274 941 2337 barbari.
991 2273 1066 2356 Qui,
1083 2285 1261 2357 postquam
1286 2284 1333 2337 sic

189 2378 300 2456 15dies
327 2379 448 2442 multds
475 2380 538 2443 iter
561 2379 722 2456 fecerunt,
748 2379 788 2442 ad
818 2378 926 2442 lacum
957 2385 1182 2460 pervenerunt
1205 2378 1335 2460 longin-

230 2503 342 2565 quum,
359 2483 415 2546 ubi
432 2502 506 2545 cum
524 2483 596 2548 aliis
612 2484 739 2547 civibus
756 2493 823 2548 suis
840 2484 987 2546 hiemdre
1003 2485 1256 2546 cdnstituerant.

275 2588 326 2650 Ibi
349 2587 427 2651 dum
453 2598 632 2663 morantur,
654 2588 802 2671 linguam
826 2588 1042 2651 barbardrum
1067 2587 1194 2650 discere
1218 2594 1336 2669 coepe

230 2700 309 2755 runt
325 2701 427 2773 pueri.
470 2693 547 2774 Qud
564 2692 663 2755 mods>
678 2693 785 2755 maior
797 2699 905 2774 primi
920 2699 1048 2755 aestate
1064 2693 1213 2774 repperit
1229 2692 1335 2756 Indds

230 2794 264 2860 in
281 2795 392 2859 animd
408 2795 530 2858 habere
547 2797 581 2857 in
598 2796 767 2861 Canadam
784 2796 906 2859 dr'rcere
922 2803 1081 2877 captives,
1099 2804 1222 2879 edsque
1237 2795 1285 2858 ibi
1301 2797 1334 2858 in

232 2977 326 3014 names
339 2959 368 3014 in
380 2960 428 3014 the
444 2977 502 3015 acc.
517 2961 573 3014 and
588 2961 643 3015 abl.
659 2961 696 3015 do
709 2969 758 3015 not
856 2976 895 3012 11.
922 2962 1024 3014 minor:
1058 2963 1099 3014 iae.
1125 2959 1170 3014 the
1191 2977 1336 3031 younger,-

232 3041 340 3110 require
352 3039 538 3110 prepositions
548 3050 578 3096 to
590 3059 701 3111 express
712 3043 759 3096 the
810 3041 844 3096 cf.
859 3043 952 3108 maior,
965 3042 983 3094 l.
1002 3042 1041 3094 18.

233 3119 309 3174 ideas
322 3125 339 3152 “
347 3129 376 3174 to
384 3122 400 3149 '³
413 3120 469 3173 and
482 3125 498 3152 “
507 3121 603 3175 from.''
856 3140 897 3174 12.
922 3125 1031 3175 fletum:
1052 3124 1140 3188 fletus,
1153 3127 1205 3188 -srs,
1218 3136 1264 3188 rr„
1277 3139 1337 3191 cry·
1445 3115 1446 3130 ¹

279 3219 303 3253 ι.
329 3202 758 3273 iussumeratznotethegender.
809 3205 875 3274 ι’νιξ,Ι
906 3202 939 3257 cf.
965 3204 1161 3254 ssed-nihil:
1194 3202 1337 3256 adverbial

278 3299 304 3334 2.
330 3285 533 3349 alteripugni:
554 3300 594 3337 we
607 3285 696 3338 would
711 3301 760 3353 say
810 3300 878 3350 ace,
891 3289 938 3338 not
958 3321 964 3335 .
985 3322 991 3333 .
1012 3321 1018 3335 .
1036 3282 1125 3349 atall,
1138 3282 1180 3337 lit.
1194 3285 1225 3336 in
1242 3299 1279 3336 no
1295 3300 1338 3336 re·
1445 3291 1446 3296 ’

234 3366 251 3398 ‘⁴
259 3362 288 3418 in
296 3364 312 3392 ’³
324 3364 417 3417 rather
429 3363 497 3417 than
510 3368 526 3395 “
535 3364 601 3433 by.''
809 3368 889 3433 spect.
902 3395 936 3404 —-
949 3363 1119 3430 prdfutr'rrum
1157 3379 1232 3416 esse:
1277 3367 1339 3430 prd-

278 3462 304 3509 3.
330 3459 416 3511 neque
428 3460 572 3511 umquam:
585 3443 620 3499 cf.
636 3445 682 3500 the
695 3454 760 3500 note
810 3459 879 3511 sum,
909 3447 1044 3512 prddesse,
1073 3444 1172 3512 prefui,
1202 3444 1274 3514 help,
1308 3461 1339 3498 or

235 3542 273 3581 on
284 3541 313 3595 p.
331 3540 371 3593 17,
383 3526 402 3579 l.
417 3526 443 3579 8.
809 3526 897 3580 avail.

279 3625 303 3670 4.
328 3609 444 3660 eoldnis:
465 3607 520 3660 dat.
534 3624 604 3662 case.
860 3613 899 3658 16.
926 3610 998 3659 suis:
1017 3605 1152 3678 ostheirs.

281 3702 306 3750 5.
332 3689 382 3739 alii
397 3689 426 3738 in
440 3688 540 3739 sliam:
560 3689 763 3740 someintoonc
859 3693 899 3738 18.
926 3688 1026 3739 maior:
1053 3686 1088 3740 cf.
1108 3688 1203 3754 minor,
1216 3687 1233 3739 l.
1256 3701 1339 3739 rr.-

239 3804 247 3820 .
270 3805 276 3818 .
299 3803 306 3818 .
326 3782 417 3832 ,some
429 3766 488 3820 into
499 3765 623 3820 another.
813 3770 900 3834 primi
913 3770 1034 3821 restite:
1055 3767 1088 3822 cf·
1101 3785 1130 3838 p.
1145 3783 1186 3835 22,
1199 3767 1216 3819 l.
1230 3781 1255 3835 7.
