2920 4296
440 350 553 410 FIRST
578 351 701 410 LATIN
728 351 892 411 READER

537 574 722 642 LESSON
754 577 797 656 84

465 760 607 825 Bumed
623 769 662 824 at
682 760 735 825 the
759 760 863 825 Stakc

160 925 215 990 De
237 923 431 989 crudelitate
456 925 616 987 Indorum
640 924 745 987 multa
768 931 954 988 narrantur.
1013 924 1116 1003 Sicut,
1140 946 1216 991 cum

116 1029 278 1112 oppidum
302 1030 495 1093 colonorum
520 1027 688 1111 quoddam
713 1034 733 1090 a
756 1027 860 1092 Gallis
883 1027 1100 1112 barbarisque
1129 1041 1218 1095 esset

116 1139 355 1216 expugnatum,
394 1131 604 1215 ampliusque
648 1133 892 1215 quinquaginta
931 1134 1092 1215 oppidani
1129 1145 1220 1218 capti

117 1246 238 1311 essent,
256 1237 369 1299 hostes
385 1255 460 1299 cum
477 1242 618 1318 captivis
635 1236 762 1298 miseris
784 1235 963 1299 confestim
985 1236 1120 1300 domum
1142 1259 1218 1302 con-

93 1342 306 1413 §tenderunt
350 1340 440 1403 Dum
456 1348 567 1403 autem
585 1339 647 1403 iter
663 1341 800 1415 iaciunt,
818 1347 904 1404 unus
921 1347 940 1404 e
955 1349 1104 1424 captivis,
1119 1343 1220 1407 homo

117 1442 247 1516 obesus
262 1449 318 1523 qui
333 1460 418 1504 onus
433 1459 536 1522 grave
551 1439 641 1504 ferre
657 1445 791 1504 coactus
808 1439 934 1504 tardius
957 1443 1166 1524 sequebatur,
1185 1451 1221 1508 se

118 1566 217 1630 posse
244 1547 330 1609 clam
357 1545 510 1626 effugere
541 1554 641 1621 ratus,
668 1565 752 1608 onus
785 1543 896 1609 subito
925 1545 959 1609 in
987 1548 1040 1609 via
1067 1547 1221 1631 deposuit

117 1660 218 1734 atque
234 1650 268 1713 in
284 1648 402 1713 arbore
417 1656 500 1713 cava
514 1649 617 1713 latere
634 1656 773 1713 conatus
787 1659 848 1714 est.

165 1756 231 1818 Hic
256 1763 367 1818 autem
391 1753 434 1817 ab
459 1753 552 1817 Indis
576 1753 669 1816 brevi
692 1763 855 1836 repertus,
871 1763 965 1819 veste
989 1755 1137 1820 detracta
1161 1777 1221 1839 per

79 1860 228 1924 ronivem
254 1862 364 1924 nudus
390 1859 548 1943 progredi
571 1869 623 1923 est
648 1866 801 1936 coactum
832 1867 898 1941 quo
923 1860 1022 1923 modo
1046 1881 1151 1943 usque
1179 1862 1221 1924 ad

119 1976 251 2030 noctem
268 1966 331 2029 iter
347 1965 474 2028 iactum
492 1974 551 2029 est.
598 1952 685 2027 T'urn
703 1963 843 2040 barbari,
862 1971 995 2045 captivo
1011 1964 1053 2027 ad
1069 1965 1219 2029 arborem

119 2069 268 2152 religato,
299 2071 412 2152 ignem
444 2067 683 2152 pedetemptim
720 2068 952 2144 admovebant,
985 2068 1091 2133 donec
1122 2069 1222 2133 homo

120 2173 337 2239 moribundus
359 2183 450 2237 visus
472 2182 539 2249 est;
564 2172 685 2236 deinde
708 2191 823 2234 rursus
847 2173 983 2254 paulum
1007 2174 1220 2250 reducebant,

120 2286 187 2364 quo
229 2280 353 2341 diutius
387 2278 597 2341 cruciaretur.
654 2275 744 2358 Quin
779 2277 889 2351 etiam,
920 2283 963 2339 ne
992 2278 1055 2341 hoc
1087 2279 1221 2363 quidem

80 2410 110 2466 ¹5
120 2391 278 2458 contenti,
300 2385 408 2447 frusta
432 2382 647 2446 absciderunt
668 2389 842 2457 viscerum,
866 2391 903 2445 ut
925 2384 1074 2445 cruciatu
1099 2390 1224 2464 captivi

120 2488 234 2552 oculos
253 2495 331 2551 suos
351 2494 537 2569 pascerent,
557 2505 634 2549 cum
653 2485 784 2548 interim
805 2495 964 2549 canerent
986 2496 1044 2549 aut
1063 2487 1224 2550 saltarent

120 2593 285 2669 ridentem
309 2600 343 2655 et
359 2597 537 2674 postremo,
562 2596 605 2652 ne
620 2589 821 2654 contumelia
845 2589 912 2652 ulla
935 2590 1077 2668 deesset,
1102 2611 1224 2674 corpus

182 2775 208 2822 3.
233 2759 367 2825 amplius:
384 2755 644 2825 i.e.more(than);
744 2773 784 2818 14·
812 2758 878 2821 quo:
910 2753 1050 2827 replacing
1078 2760 1117 2820 ut,
1144 2773 1175 2811 as
1203 2757 1225 2810 it

120 2837 156 2895 cf.
176 2838 244 2894 such
263 2837 438 2908 expressions
456 2855 487 2892 as
506 2840 523 2870 “
530 2837 614 2891 above
631 2853 648 2890 a
698 2835 832 2907 regularly
854 2835 921 2890 does
940 2836 1021 2890 when
1039 2836 1087 2890 the
1106 2854 1224 2906 purpose

120 2919 287 2975 thousand.''
698 2916 789 2971 clause
810 2916 937 2970 contains
956 2933 973 2970 a
990 2917 1227 2986 comparative.-

181 3007 208 3054 6.
234 3003 329 3055 obesus
352 3000 402 3070 (a,
415 3000 500 3068 ·nm):
520 3004 602 3054 stout.
612 3030 648 3039 -
698 2998 872 3050 auersetur:
885 2999 980 3064 crucio,
993 3012 1014 3065 r,
1026 2997 1106 3068 (keep
1115 3000 1159 3068 in)
1172 3004 1227 3052 tor-

119 3083 240 3136 tasdlua:
260 3079 347 3136 absol.
362 3098 480 3150 compar.
697 3080 887 3132 tura-llic:
911 3078 1017 3149 (nent.)
1033 3095 1118 3133 noun.

183 3179 209 3228 7.
234 3177 317 3218 onus:
337 3177 412 3229 onus,
425 3163 548 3228 eriam,
561 3161 634 3216 laad.
744 3162 946 3224 15.contentt:
993 3162 1144 3226 contentus,
1189 3176 1226 3227 -a,

183 3261 209 3309 ⁹·
236 3246 295 3297 hic:
315 3243 362 3298 the
374 3243 580 3297 adu-veste:
600 3243 645 3297 zie.
700 3256 764 3307 -um,
779 3239 845 3293 with
863 3239 929 3306 abl,
947 3245 1056 3293 content
1076 3239 1227 3311 (avith).-

120 3328 295 3379 veatimentd.
699 3321 803 3376 frusta:
836 3328 886 3375 not
913 3319 1225 3374 infirma—viscerum

168 3424 209 3458 rr.
235 3407 288 3459 iter
310 3404 416 3458 iactum
438 3407 497 3457 eat:
517 3403 648 3457 translate
699 3406 798 3468 fiscus,
823 3402 896 3468 eris,
917 3415 957 3466 ra,
983 3400 1067 3473 (sing.
1092 3401 1149 3455 and
1172 3401 1225 3472 pl.)

121 3484 160 3558 by
171 3487 208 3540 an'
225 3485 314 3541 active
332 3485 410 3540 form.
701 3481 783 3551 fieslr.

168 3584 208 3620 ιι.
234 3568 340 3632 ignem:
359 3565 648 3634 thesim-admove·
744 3569 784 3616 16.
809 3566 965 3630 pascerent:
991 3567 1080 3631 pisca
1105 3579 1131 3633 3,
1154 3567 1228 3629 pavi,

122 3650 205 3702 bant:
225 3647 290 3717 kept
308 3648 424 3716 moving
433 3649 481 3716 up.
699 3648 804 3712 pastus,
812 3642 877 3696 with
886 3642 951 3709 abl,
954 3644 1052 3715 feast.
1066 3683 1073 3696 .
1087 3682 1094 3696 .
1110 3644 1227 3714 (upon).

169 3745 209 3792 ιε.
235 3730 411 3780 reducebant:
439 3743 478 3781 sc.
499 3741 561 3779 eum
589 3726 648 3795 (ia.
702 3723 821 3794 strictly,
829 3727 948 3778 cruciatu
960 3724 983 3779 is
996 3724 1051 3778 abl.
1066 3725 1099 3779 os
1107 3741 1210 3778 means.

122 3808 241 3878 ignem).
273 3809 329 3862 For
340 3807 388 3862 the
401 3806 474 3861 force
487 3805 518 3861 oi
532 3804 588 3860 this
601 3805 650 3859 im·
747 3822 787 3869 17·
814 3807 936 3858 deesset:
956 3804 1030 3859 what
1045 3804 1068 3859 is
1081 3805 1128 3859 the
1142 3804 1229 3858 literal

122 3887 442 3963 pedectcirapiebant,
454 3904 483 3959 p.
497 3885 554 3956 7,l.
571 3899 613 3954 17.
701 3885 775 3940 force
787 3883 819 3939 of
827 3883 874 3938 the
886 3883 962 3939 word
977 3886 1024 3956 (de
1037 3885 1168 3956 ÷aum)?
