2878 4286
238 936 733 1034 LATIN-ENGLISH
792 935 1134 1033 EXERCISES

274 1216 465 1288 EARLY
504 1216 806 1289 AMERICAN
849 1214 1102 1288 HISTORY

506 1408 510 1417 ’
569 1448 753 1512 resson
791 1465 802 1510 1

487 1614 694 1698 Christopher
715 1583 888 1679 Columbus
983 1661 986 1667 .
1090 1665 1095 1674 .

180 1772 334 1854 Quodam
366 1773 399 1834 in
431 1770 565 1858 oppido*
587 1755 705 1832 italiae
735 1770 813 1832 olim
846 1777 944 1832 natus
975 1779 1025 1833 est
1055 1789 1148 1852 puer,
1179 1778 1236 1851 qui

136 1876 318 1940 Columbus
343 1873 583 1957 appellabatur.
634 1875 700 1935 Diu
723 1875 758 1935 in
782 1872 885 1955 patris
910 1872 1041 1936 officina
1064 1873 1233 1935 laboravit.

137 1979 205 2042 Sed
222 1999 327 2060 prope
342 1989 414 2041 erat
430 1998 529 2052 mare,
547 1997 696 2059 puerque
713 1996 813 2057 saepe
833 1978 875 2039 ad
899 1976 976 2038 litus
995 1977 1072 2051 ibat,
1090 1985 1127 2038 ut
1149 1976 1235 2037 vide·

136 2093 186 2146 ret
210 2091 321 2158 naves,
347 2102 432 2164 quae
457 2089 474 2143 ἐ
501 2088 598 2162 portu
627 2081 669 2142 ad
697 2087 802 2143 terras
827 2080 961 2143 exibant
987 2081 1144 2142 diversas
1193 2079 1234 2141 In

111 2187 275 2260 suavibus
291 2197 385 2249 erant
402 2187 554 2249 homines
571 2186 672 2260 multi,
687 2195 721 2247 et
738 2184 920 2249 Columbus
938 2203 1028 2247 mare
1043 2185 1116 2263 ipse
1131 2190 1235 2245 trans-

135 2299 181 2352 ire
210 2311 309 2372 saepe
333 2290 455 2364 voluit;
487 2299 556 2352 tum
581 2299 693 2351 autem
722 2291 898 2369 pecuniam
926 2287 1051 2350 nuliam
1079 2286 1232 2349 habebat.

137 2394 205 2457 Sed
230 2402 354 2475 postea,
377 2415 450 2456 cum
475 2396 540 2456 iam
565 2393 693 2456 iuvenis
716 2403 814 2467 esset,
832 2413 938 2474 usque
961 2391 1003 2454 ad
1028 2390 1233 2454 Britanniam

135 2509 169 2561 et
192 2483 342 2560 dfrieam
368 2498 545 2578 navigavit.

180 2602 250 2665 Illis
266 2600 470 2683 temporibus
492 2612 614 2665 nautae
635 2602 797 2665 timebant
818 2622 909 2664 mare
929 2601 1147 2676 Atlanticum,
1165 2621 1235 2663 cur·
1303 2631 1304 2634 ¹

95 2739 125 2774 ro
135 2727 275 2788 sumque
292 2726 396 2786 prope
413 2706 489 2768 litus
505 2706 673 2768 tenebant.
722 2706 895 2768 Interdum
918 2716 1028 2768 autem
1051 2705 1233 2768 secundum

135 2795 272 2873 diricae
296 2816 387 2871 oram
413 2811 511 2890 longe
536 2809 727 2890 navigatum
754 2820 833 2884 erat,
858 2809 947 2891 quod
974 2809 1152 2892 Henricus,
1178 2815 1234 2870 rex

137 2913 338 2987 Lusitaniae,
356 2913 503 2974 invenire
524 2914 612 2974 viam
633 2912 773 2988 volebat,
788 2920 853 2994 qua
874 2919 977 2975 naves
997 2911 1121 2975 circum
1146 2896 1235 2973 rifn-

135 3038 207 3080 cam
225 3025 431 3098 progressae,
449 3017 491 3078 ad
508 3017 626 3079 Asiam
643 3024 816 3098 pervenire
832 3025 978 3098 possent.

198 3204 265 3256 Line
282 3219 307 3252 2.
334 3201 455 3254 officina:
478 3203 593 3270 officina,
606 3218 658 3269 ue,
709 3204 803 3269 sailed,
822 3203 860 3256 lit.
878 3205 900 3255 it
915 3203 976 3256 had
989 3203 1050 3256 been
1069 3201 1159 3254 sailed
1170 3201 1238 3272 (im'

135 3298 172 3350 F,
184 3283 339 3352 workslrop.
497 3277 499 3281 ’
709 3283 835 3352 personal
849 3282 983 3353 passive).

197 3381 221 3428 7.
247 3367 400 3428 usquead:
424 3364 467 3416 all
480 3364 525 3417 tlte
542 3381 605 3431 way
621 3370 657 3430 to,
755 3382 795 3415 12.
822 3369 891 3429 qui:
926 3364 957 3432 by
985 3363 1092 3428 wlaz'clr3
1126 3372 1234 3416 antece·

135 3445 174 3497 lit.
186 3461 252 3498 even
264 3451 301 3496 to.
424 3507 431 3521 1
709 3446 783 3513 deut,
796 3447 877 3498 viam.

196 3543 220 3588 9.
248 3527 304 3577 illia
324 3528 506 3591 temporibus:
532 3528 562 3579 in
585 3525 659 3578 those
755 3545 795 3590 13.
821 3530 947 3592 possent:
979 3525 1075 3590 could,·
1106 3523 1234 3594 subjunc-

133 3606 210 3674 days·
710 3607 764 3661 tive
777 3608 805 3660 in
816 3607 955 3661 arelative
964 3607 1055 3660 clause
1063 3604 1095 3659 of
1104 3621 1231 3674 purpose.

180 3704 220 3738 ιο.
247 3689 397 3739 interdum:
418 3695 467 3741 not
480 3689 597 3739 interim.
711 3691 743 3741 ln
770 3688 933 3759 translating
954 3687 1003 3740 the
1024 3685 1090 3741 verb
1115 3699 1233 3752 possum,

180 3786 218 3819 rr.
244 3771 332 3820 oram:
359 3770 404 3821 dc.
426 3770 493 3821 litus
517 3771 584 3838 (ora,
606 3783 658 3834 -ae,
710 3786 787 3822 some
812 3769 890 3822 other
912 3768 1058 3838 rendering
1082 3767 1149 3819 than
1174 3765 1233 3820 “be

134 3849 188 3917 n).
197 3851 402 3915 -m'tvigitum
411 3853 485 3902 erut:
497 3849 593 3918 people
602 3849 662 3902 had
710 3850 771 3902 able
781 3851 796 3876 ”
809 3849 908 3902 should
921 3848 996 3902 often
1010 3847 1044 3901 be
1056 3847 1169 3901 chosen.
