2824 4292
412 349 526 408 FIRST
552 350 673 408 LATIN
699 349 863 408 READER
1148 367 1185 432 23

74 535 250 598 interfecti
265 543 361 609 sunt;
387 532 575 597 Standisius
596 533 685 597 enim
701 534 766 596 iam
784 534 910 615 pridem
928 541 1077 597 mortuus
1095 542 1186 596 erat:

77 639 140 702 sed
158 645 328 720 postremi>
344 638 410 701 dux
427 638 510 701 alius
527 638 681 701 inventus
697 647 757 714 est,
771 645 828 720 qui
839 636 982 700 feliciter
996 656 1072 700 cum
1090 637 1185 701 Indis

75 742 206 806 bellum
223 762 340 825 gerere
356 742 490 807 sciebat.

510 1025 693 1089 LESSON
726 1041 768 1088 20

487 1192 626 1279 Captain
652 1194 777 1260 Clurch

124 1357 258 1434 Cercis
272 1366 330 1440 qui
345 1356 409 1420 iam
426 1357 494 1420 dux
509 1359 700 1421 colenerum
713 1358 825 1422 factus
840 1343 901 1433 est,
915 1365 983 1420 nen
995 1357 1095 1422 modo
1106 1377 1181 1422 curn

52 1461 232 1544 5hostibus
256 1462 397 1525 feliciter
423 1461 546 1525 bellum
574 1461 690 1544 gerere
714 1461 848 1539 sciebat,
874 1461 1055 1526 sedetiam
1081 1463 1183 1526 Indes

78 1565 248 1629 interdum
276 1567 383 1628 socies
407 1565 469 1628 sibi
493 1576 655 1631 asciscere
683 1567 798 1648 potuit.
847 1565 924 1648 Qui>
950 1566 1089 1630 censilie
1104 1566 1183 1630 elim

80 1671 262 1752 profectus,
279 1670 322 1734 ad
339 1670 506 1752 quandam
528 1680 662 1753 gentem
681 1671 832 1753 pervenit
848 1670 937 1733 haud
955 1670 1181 1753 longinquam,

79 1775 174 1838 cuius
198 1781 333 1856 reginae
349 1773 405 1838 din
421 1775 533 1839 iuerat
554 1775 627 1858 ipse
643 1783 787 1851 amicus;
811 1783 914 1858 quire
938 1773 1093 1857 sperabat
1112 1777 1183 1841 eius

80 1880 208 1944 civibus
226 1879 325 1943 facile
349 1887 385 1943 se
408 1880 608 1963 persuadere
633 1900 742 1963 posse,
759 1890 795 1944 ut
818 1881 954 1943 colenes
977 1880 1181 1944 adiuverent.

40 1983 135 2056 101bi
157 1994 270 2048 tamen
287 1985 329 2046 ab
348 1985 442 2048 Indis
465 1986 610 2067 impetus
633 1985 814 2049 icerrimus
829 1986 863 2047 in
881 1986 1021 2049 Cercam
1044 1984 1182 2067 eiusque

81 2090 219 2152 comites
236 2089 327 2152 facta
349 2098 419 2167 est;
444 2096 501 2171 qui
523 2089 623 2170 igitur
645 2089 680 2152 in
704 2089 824 2172 pallide
848 2096 955 2152 coicti
975 2098 1053 2152 sunt
1068 2089 1181 2166 latere,

81 2194 187 2258 denec
213 2195 247 2257 in
272 2195 398 2275 scaphir
421 2201 585 2258 venerunt
612 2193 732 2257 milites
758 2194 956 2276 compleres,
982 2200 1039 2276 qui
1061 2201 1119 2257 ees
1142 2213 1183 2256 ex

82 2299 229 2380 periculi)
246 2300 421 2381 eriperent.

125 2403 257 2479 Cercas,
271 2423 472 2485 quamquam
490 2403 663 2466 censilium
680 2414 750 2467 tum
767 2403 926 2485 perficere
938 2411 1005 2466 nen
1019 2411 1182 2485 potuerat,

43 2535 52 2570 ι
57 2534 71 2587 5
83 2517 259 2570 convenire
275 2517 386 2578 tamen
408 2515 555 2589 reginam
573 2508 691 2571 iterum
709 2515 822 2571 ceneri
836 2507 1015 2571 censtituit.
1064 2507 1183 2589 Itaque

84 2620 195 2692 paucis
213 2620 289 2693 post
306 2611 474 2674 mensibus
491 2620 559 2675 ime
581 2633 656 2675 cum
680 2611 781 2674 milite
807 2612 964 2694 Indisque
984 2611 1090 2675 tribus
1111 2631 1184 2692 pro·

84 2715 199 2790 iectus,
222 2715 255 2777 in
279 2714 427 2778 eiusdem
452 2718 561 2797 gentis
585 2716 672 2779 fines
696 2716 806 2779 denne
830 2716 891 2778 iter
914 2715 1013 2792 fecit;
1037 2724 1104 2798 que
1127 2714 1184 2778 ubi

84 2829 132 2882 est
148 2829 355 2900 perventum,
369 2820 544 2883 comitibus
559 2820 593 2883 in
607 2821 733 2902 scaphii
749 2821 880 2895 relictis,
894 2820 936 2883 ad
948 2827 1098 2902 reginam
1112 2821 1184 2903 ipse

85 2930 278 3004 pregressus
293 2933 353 2987 est.
401 2924 486 2989 Cum
503 2932 542 2987 eri
558 2924 636 2987 dum
659 2923 812 3006 loquitur,
831 2924 908 2987 Indi
930 2924 1033 3002 multi,
1051 2935 1109 3008 qui
1125 2945 1184 3008 per

125 3106 150 3152 3.
176 3103 281 3154 gerere:
307 3087 341 3143 cf.
363 3090 411 3143 the
434 3107 482 3143 use
507 3088 539 3144 oi
559 3089 606 3143 the
656 3085 939 3156 civibus).—posse:
972 3088 1112 3161 replacing
1137 3089 1184 3144 the

84 3168 156 3221 infin.
168 3168 232 3222 with
245 3172 391 3238 nesciebat,
403 3187 431 3239 p.
446 3170 471 3237 8,
484 3170 501 3223 Ι.
515 3185 538 3224 2.
657 3168 707 3223 fut.
721 3169 809 3236 infin,
822 3169 911 3224 which
924 3169 947 3224 is
960 3169 1071 3241 lacking
1084 3169 1113 3222 in
1129 3169 1184 3224 this

126 3269 151 3314 4.
176 3252 287 3305 Cereio:
322 3268 386 3321 gen.
423 3253 527 3319 cereae,
552 3259 604 3306 etc.
658 3250 733 3305 verb.
781 3289 783 3292 -

83 3334 214 3385 -modm
234 3331 281 3386 the
293 3331 364 3399 adv.,
377 3332 447 3401 only.
704 3349 744 3395 ¹4·
770 3333 874 3396 cercis,
889 3347 1069 3398 quamquam:
1090 3332 1122 3386 ci.
1136 3332 1185 3386 the

124 3428 149 3477 5.
174 3406 274 3466 etiam:
294 3413 361 3466 also.
658 3421 722 3466 note
735 3428 772 3465 on
785 3415 886 3479 hostes,
900 3427 968 3480 cum,
980 3430 1006 3482 p
1020 3427 1062 3480 20,
1075 3412 1094 3465 l.
1112 3426 1153 3479 17.

125 3502 149 3547 ⁶.
175 3495 276 3547 socies:
323 3492 382 3565 (as)
410 3494 607 3548 alliam-cen·
704 3509 743 3557 ¹5·
770 3497 927 3547 convenire:
955 3493 1115 3563 dependent
1146 3510 1184 3548 on

87 3577 158 3628 silie:
179 3567 282 3644 dangu.
657 3577 755 3627 ceneri.

127 3663 150 3708 8.
175 3658 300 3720 reginae:
329 3655 385 3708 dat.
416 3656 604 3722 case-ipse:
704 3672 743 3720 ¹7·
770 3658 872 3710 denuo:
892 3657 936 3709 i.e.
954 3657 1183 3721 iterum-quii:

86 3735 246 3790 he.-eius:
265 3737 306 3789 ie.
320 3736 368 3790 the
380 3739 502 3806 queen's.
657 3735 692 3790 ef.
706 3754 734 3806 p.
749 3737 774 3804 8,
787 3736 804 3789 l.
821 3751 861 3802 14.

127 3834 150 3883 ⁹·
176 3819 352 3883 persuadere:
382 3818 529 3886 persuade,
563 3817 605 3870 iit.
704 3834 744 3880 ¹9·
770 3831 845 3870 cum:
887 3815 1183 3887 preposition.-per:

88 3898 161 3952 make
172 3898 223 3970 (it)
233 3897 372 3969 agreeable
383 3897 485 3968 (hence
495 3898 541 3951 the
551 3898 606 3951 dat.
657 3898 771 3951 around
779 3899 820 3950 in.
955 3903 959 3907 '
