2824 4292
535 255 648 314 FIRST
674 256 796 314 LATIN
823 256 987 314 READER

637 462 822 528 LESSON
853 480 895 542 42

344 631 375 698 A
400 631 533 696 Roman
557 631 630 695 who
642 630 771 714 fought
790 631 928 715 against
947 631 1001 694 lu's
1027 628 1173 713 country

252 785 383 870 Quibus
405 785 505 849 rebus
528 785 711 848 admoneor
734 794 770 848 ut
795 804 902 866 pauca
924 784 1033 848 dicam
1057 784 1099 847 de
1123 783 1331 860 Coriolano,
1398 845 1399 848 ,

208 891 298 954 cliro
321 891 405 953 duce
431 890 601 966 Romt‘mo;
626 897 684 970 qui
705 888 887 971 impertitor
909 889 1120 964 fortissimus,
1143 895 1164 951 i
1188 889 1331 952 civibus

208 993 327 1057 iniuriat
349 994 535 1068 damnatus,
560 993 602 1055 ab
626 991 708 1056 urbe
731 992 885 1056 discessit
908 999 1011 1074 seque
1038 992 1214 1056 coniunxit
1247 1013 1329 1057 cum

209 1097 368 1173 hostibus,
387 1104 443 1180 qui
458 1101 558 1160 antei
573 1095 695 1159 bellum
716 1096 876 1160 Romanis
892 1115 994 1180 saepe
1009 1097 1204 1160 intulerant.

185 1224 199 1278 5
256 1201 376 1263 Denuo
402 1221 479 1263 mox
505 1200 594 1263 bello
620 1199 755 1276 indicto,
780 1198 932 1263 hostibus
960 1207 1067 1281 primo
1090 1207 1144 1263 res
1167 1201 1329 1284 undique
1400 1203 1401 1226 ¹

209 1305 349 1367 feliciter
359 1312 552 1380 evenerunt,
566 1304 775 1386 Romanique
789 1304 916 1385 legatos
930 1305 1023 1386 picis
1037 1305 1205 1386 petendae
1218 1313 1329 1369 causi

210 1409 252 1472 ad
276 1407 487 1473 Coriolinum
512 1409 642 1471 mittere
666 1415 772 1472 coacti
796 1419 882 1471 sunt.
941 1408 1009 1490 Qui
1031 1418 1153 1486 autem,
1179 1420 1329 1492 propter
1398 1494 1399 1498 Ἰ

210 1513 362 1575 iniuriam
379 1519 399 1574 ἐι
415 1512 540 1576 civibus
556 1512 693 1575 inlitam
712 1512 822 1576 adhuc
843 1519 957 1588 iratus,
974 1514 1126 1594 asperius
1144 1514 1328 1596 respondit

210 1617 405 1699 legatosque
425 1617 662 1680 moestissimos
685 1617 819 1679 domum
842 1617 983 1695 dimisit3
1008 1619 1209 1700 quinetiam
1231 1619 1326 1682 idem

172 1746 202 1782 ιο
212 1722 319 1783 nuntii
328 1727 348 1783 ἴα
358 1727 475 1783 sentitis
488 1721 606 1784 iterum
618 1721 710 1783 missi
722 1728 765 1783 ne
777 1721 810 1782 in
823 1730 933 1784 castra
944 1729 1070 1804 recepti
1080 1723 1216 1804 quidem
1231 1733 1324 1787 sunt.

256 1823 385 1907 Quibus
410 1825 508 1888 rebus
532 1827 683 1907 cognitis,
710 1825 855 1887 Romani
877 1825 1023 1907 graviter
1048 1834 1190 1908 permoti
1218 1829 1324 1890 etiarn

211 1930 401 1993 sacerdotes
417 1931 546 1993 mittere
566 1929 817 2006 constituerunt,
835 1937 864 1992 si
882 1928 925 1992 ab
943 1937 990 1992 eis
1010 1931 1127 1993 saltem
1148 1931 1326 1995 Coriolz‘rni

212 2036 341 2096 animus
353 2034 448 2096 ferox
459 2032 548 2096 flecti
560 2044 690 2115 posset;
708 2054 783 2097 cum
796 2041 877 2096 vero
888 2041 930 2095 ne
943 2034 978 2095 hi
990 2035 1124 2116 quidem
1138 2034 1325 2118 quicquam

211 2139 390 2219 impetrire
404 2140 601 2219 potuissent,
613 2125 681 2200 tum
698 2145 803 2200 miter
815 2137 887 2218 ipsa
902 2157 1050 2219 uxorque
1068 2137 1239 2202 Coriolr'rni
1255 2147 1324 2203 sinti

173 2262 287 2313 15cum
304 2240 376 2304 aliis
393 2249 551 2304 matronis
568 2241 796 2324 compluribus
812 2242 855 2304 ad
873 2243 1017 2304 hostiurn
1039 2251 1148 2304 castra
1170 2253 1323 2306 maestae

214 2346 385 2426 profectae
402 2356 488 2408 sunt.

257 2450 334 2532 Quo
355 2449 411 2512 ubi
431 2458 628 2532 perventum
650 2460 710 2526 est,
733 2451 846 2513 mitris
865 2449 975 2513 verbis
995 2449 1212 2514 vehementer
1234 2472 1321 2515 com-

109 2555 111 2562 ’
214 2561 322 2616 motus
336 2553 532 2617 Coriolanus
549 2555 715 2635 pollicitus
727 2564 779 2617 est
796 2562 832 2616 se
848 2555 919 2617 sine
936 2560 1027 2616 mori
1044 2574 1119 2616 cum
1137 2555 1284 2618 exercitu
1303 2564 1320 2617 ἐ

214 2657 338 2720 finibus
357 2659 583 2720 Romr'rnorum
600 2658 833 2721 discessurum.
876 2659 995 2722 Postet'r
1011 2659 1101 2739 apud
1118 2658 1222 2722 hostis
1240 2660 1319 2722 mul-

260 2841 283 2875 1.
297 2837 399 2888 pauca:
419 2824 506 2894 asew
521 2822 651 2894 (words).
793 2821 939 2892 rendering
957 2821 989 2876 oi
1003 2822 1051 2876 the
1069 2822 1261 2892 comparative,
1279 2824 1314 2878 cf.

257 2923 282 2956 ι.
309 2907 371 2970 qui:
391 2903 446 2956 this
461 2903 555 2974 (adi).
793 2903 839 2957 the
871 2911 935 2957 note
963 2919 1001 2956 on
1031 2904 1189 2972 mximum,
1220 2921 1245 2973 p.
1276 2919 1315 2974 13,

257 3003 282 3049 3.
309 2986 423 3037 iniuriis:
450 2984 504 3038 abl.
528 2984 595 3038 used
616 2983 742 3039 adverbi·
792 2984 811 3036 l.
831 2998 870 3036 11.

213 3067 410 3136 ally.-urbe:
431 3065 476 3117 tia
496 3067 555 3132 city,
579 3067 622 3118 ia.
642 3067 739 3130 Rome,
852 3080 875 3127 9.
901 3066 1020 3129 lsgstos:
1043 3081 1144 3133 cnvays
1165 3081 1196 3118 or
1213 3066 1313 3118 ambas-

213 3146 289 3201 osten
304 3147 367 3200 thus
381 3144 544 3216 designated
560 3162 590 3198 as
600 3144 684 3216 being
696 3144 741 3197 tlte
790 3145 1161 3198 sudoro—maestissimis:
1176 3145 1251 3214 pred.
1261 3146 1311 3216 adj.

214 3227 268 3298 city
280 3244 330 3297 par
341 3226 505 3281 excellence.
791 3228 919 3277 -idemz
939 3224 976 3294 pl.

257 3327 283 3372 4.
309 3311 454 3362 Romanis:
474 3307 529 3361 dat.
543 3324 615 3362 case.
743 3314 747 3321 '
838 3323 878 3369 13·
904 3305 981 3358 ferox
1002 3308 1093 3378 (ocis,
1112 3305 1202 3376 adj.):
1221 3307 1307 3375 fiacr.

258 3405 283 3453 5.
309 3392 409 3444 denuo:
430 3391 475 3443 ia.
490 3391 598 3441 iterum.
794 3388 927 3440 —flecti:
966 3388 1051 3453 flecto,
1078 3404 1103 3456 3,
1130 3388 1201 3454 flexi,
1225 3389 1309 3454 flexus,

258 3477 283 3523 6.
309 3473 385 3536 picis
413 3471 546 3537 petendae
574 3473 670 3523 causi:
696 3471 739 3522 in.
793 3468 934 3537 enflaencc.
948 3472 1083 3520 -νδῐόι
1120 3468 1189 3521 and.
1202 3469 1310 3533 -quic-

214 3553 249 3605 ad
282 3557 377 3616 picem
408 3554 564 3616 petendam.
614 3549 743 3618 Literally
793 3563 890 3612 quam:
924 3564 981 3616 any
1004 3550 1161 3610 concessioni,
1187 3547 1226 3600 lit.
1249 3565 1307 3616 any·

215 3635 297 3684 causi
308 3647 403 3685 means
417 3630 483 3683 “for
495 3629 542 3681 the
555 3629 620 3681 sake
634 3627 690 3680 os.’'
792 3627 880 3696 thing.

200 3735 202 3741 v
261 3717 285 3762 8.
312 3710 451 3774 asperius:
498 3707 594 3758 rather
631 3705 744 3773 harslzly
843 3722 882 3769 ¹5·
909 3709 1045 3759 maestae:
1067 3709 1096 3760 in
1113 3707 1171 3777 (tha
1182 3709 1305 3779 garbas)

220 3789 345 3859 (asperm
368 3787 441 3854 adu,
465 3783 612 3851 harsith„
638 3783 680 3836 for
700 3784 747 3836 the
797 3787 953 3854 nwnrning.

1397 3482 1398 3535 l

1396 3550 1398 3623 ⁵

1397 3686 1401 3767 l
