2824 4292
556 313 670 372 FIRST
695 313 817 374 LATIN
843 315 1009 374 READER

643 582 828 650 LESSON
865 603 899 650 11

642 767 757 851 Hemy
779 768 919 833 Hudson

275 953 351 1018 flac
374 953 447 1018 fere
468 963 620 1035 tempore
646 953 771 1028 Batavi,
797 961 854 1037 qui
877 953 1034 1018 volebant
1056 954 1147 1018 viam
1174 955 1357 1032 invenire,

229 1065 296 1140 qui
311 1059 433 1121 circum
452 1058 622 1139 Europam
636 1057 678 1120 ad
696 1057 813 1120 Asiam
827 1056 977 1139 navigari
990 1068 1114 1140 posset,
1129 1067 1356 1141 paraverunt

230 1167 358 1239 navem,
372 1161 425 1225 cui
441 1171 512 1226 erat
528 1169 649 1226 nomen
669 1162 766 1224 Lina
784 1161 941 1238 Dimidia,
954 1173 987 1226 et
1001 1162 1220 1239 Hudsonem‚
1232 1165 1353 1226 virum

231 1264 469 1340 Britannicum,
486 1264 605 1330 ducem
621 1264 782 1329 fecerunt.
1317 1269 1321 1274 ’

204 1393 219 1449 5
274 1368 336 1433 Ille
348 1376 455 1450 primo
470 1367 594 1432 circum
613 1369 782 1451 Europam
799 1371 958 1452 navigare
980 1371 1104 1434 fristra
1120 1377 1285 1448 conatus
1306 1373 1349 1435 ad

229 1473 420 1536 Americam
431 1472 551 1537 deinde
562 1472 802 1554 profectusest,
811 1474 899 1556 quod
909 1473 955 1538 ibi
964 1474 1137 1538 audiverat
1147 1495 1228 1540 esse
1240 1477 1346 1550 freta,

228 1575 348 1660 quibus
364 1582 467 1640 nives
482 1577 517 1639 in
535 1576 653 1639 Asiam
675 1585 815 1640 transire
831 1588 978 1660 possent.
1027 1578 1104 1661 Quo
1119 1578 1177 1641 ubi
1194 1599 1345 1661 perven-

228 1805 370 1868 cumque
386 1786 459 1849 loca
474 1784 578 1848 multa
594 1785 809 1867 explorasset,
828 1793 997 1867 postremo
1013 1788 1165 1869 pervenit
1182 1787 1225 1850 ad
1249 1795 1341 1851 insu-

133 1937 136 1942 ,
188 1891 304 1965 solam,
321 1889 378 1952 ubi
393 1908 482 1952 nunc
499 1899 550 1952 est
565 1890 735 1971 oppidum,
749 1889 838 1972 quod
856 1889 1043 1953 Eboracum
1062 1891 1196 1954 Novum
1214 1893 1338 1973 appel-

228 1995 322 2058 litur.
371 1994 437 2056 Hic
455 1993 532 2056 Indi
547 1994 657 2057 subito
671 1995 779 2057 adorti
793 2003 871 2057 sunt
887 2001 1015 2070 nautis,
1030 2002 1178 2077 quicum
1194 1997 1338 2078 scaphis

227 2107 358 2181 portum
391 2096 618 2179 explorabant,
655 2099 850 2180 sagittisque
885 2097 1052 2162 hominem
1087 2099 1335 2163 interfecerunt

228 2209 340 2265 finum.
1156 2201 1157 2204 ’

271 2305 349 2387 Quo
364 2304 465 2382 facto,
482 2306 549 2369 dux
564 2306 648 2370 duos
662 2307 765 2370 Indos
780 2307 891 2389 rapuit
902 2315 1089 2390 navemque
1102 2309 1332 2374 conscendere

189 2427 217 2481 ις
227 2408 345 2489 coegit
392 2410 478 2472 Tum
495 2412 603 2473 insula
619 2412 742 2486 relicta,
759 2412 901 2474 adverso
916 2411 1052 2474 flfimine
1069 2412 1241 2493 profectus
1257 2424 1328 2490 est;

227 2532 303 2575 cum
319 2521 429 2576 autem
443 2514 532 2576 haud
546 2515 645 2596 longe
657 2515 856 2596 navigasset,
869 2523 993 2597 captivi
1004 2523 1023 2578 ἑ
1035 2522 1112 2578 navi
1128 2523 1164 2578 se
1179 2517 1330 2581 iecerunt

224 2615 406 2699 inaquam,
424 2626 457 2682 et
473 2619 584 2680 nando
604 2618 646 2681 ad
668 2628 771 2700 ripam
794 2619 977 2682 incolumes
995 2627 1226 2701 pervenerunt.
1274 2621 1329 2683 In-

227 2721 322 2784 terim
345 2721 440 2784 navis
464 2721 581 2785 leniter
605 2722 888 2803 progrediebatur,
913 2743 1055 2804 moxque
1082 2725 1115 2785 in
1144 2731 1339 2810 conspecti,

226 2835 323 2888 erant
345 2832 484 2900 montes,
502 2833 643 2907 quorum
667 2826 795 2889 incolae
817 2826 1024 2890 friimentum
1049 2827 1228 2910 copiasque
1243 2827 1325 2893 alifas

186 2936 337 2992 aonautis
353 2928 494 2992 libenter
509 2929 738 2992 vendiderunt.

273 3141 297 3174 1.
323 3125 373 3176 hoc
388 3162 395 3174 .
412 3162 419 3175 .
435 3126 592 3189 ‚temporu
621 3123 663 3179 sor
687 3141 751 3195 syn·
864 3143 889 3189 ⁹·
916 3140 977 3178 cum
1009 3127 1193 3192 explorasset:
1221 3125 1325 3198 having
1399 3143 1400 3158 ³

227 3211 290 3272 tarn.
312 3202 348 3258 ct'.
380 3205 437 3256 illia
461 3192 636 3272 temporibus,
666 3223 694 3275 p.
730 3219 751 3272 1,
802 3206 938 3275 explored.
984 3207 1039 3260 For
1063 3207 1109 3261 the
1133 3205 1202 3262 form
1227 3207 1256 3261 of
1274 3207 1320 3262 the
1399 3171 1400 3266 i

227 3285 244 3338 l.
257 3301 283 3355 9.
802 3285 878 3353 verb,
890 3284 923 3340 ef.
937 3288 1104 3353 navigasset,
1117 3304 1145 3356 p.
1160 3303 1184 3356 3,
1197 3287 1216 3340 l.
1230 3301 1251 3339 1.
1399 3285 1400 3290 ’

271 3383 296 3417 a.
322 3367 447 3431 navigari
458 3371 566 3433 posset:
586 3366 627 3419 lit.
641 3368 664 3418 it
675 3366 756 3419 could
850 3385 889 3431 ¹4·
916 3370 983 3433 quo:
1003 3366 1058 3419 this
1073 3369 1187 3440 (noun).

227 3446 257 3498 bc
278 3445 381 3511 sailed5
403 3444 436 3499 cf.
449 3446 497 3500 the
513 3447 679 3516 impersonal
691 3453 753 3516 pas·
849 3463 889 3512 ¹⁵·
915 3451 1029 3501 adverso
1048 3449 1173 3502 flimine:
1196 3445 1230 3502 cf.
1249 3465 1272 3518 p.
1293 3447 1315 3516 6,

227 3525 285 3583 sive
320 3527 480 3591 navigatum
517 3531 583 3593 erat,
618 3544 645 3596 p.
677 3541 699 3594 1,
736 3527 752 3579 l.
804 3527 822 3579 Ι.
841 3543 880 3580 12.
1399 3557 1400 3574 κ

230 3620 271 3658 11.
850 3626 889 3673 ¹7·
917 3613 1020 3662 nando:
1051 3610 1166 3680 gemnd,
1186 3610 1315 3686 byynrtim·
1399 3583 1400 3664 i

272 3703 297 3750 ³·
324 3687 459 3739 Dimidia:
489 3687 572 3759 Half
599 3689 752 3759 (dimidius,
803 3691 899 3760 ming3
918 3689 965 3743 the
978 3690 1076 3758 phrase
1093 3693 1182 3743 nando
1200 3730 1206 3743 .
1223 3731 1228 3743 .
1243 3729 1249 3744 .
1263 3705 1314 3756 per·

228 3782 264 3834 -a,
276 3765 359 3834 -um).
803 3773 934 3821 venerunt
952 3787 1014 3839 may
1032 3770 1067 3822 be
1088 3770 1221 3825 rendered
1242 3771 1313 3842 freely

271 3862 297 3913 7.
323 3850 391 3912 quo:
410 3847 485 3916 etp.
500 3848 555 3915 8,1.
573 3863 612 3914 14
804 3850 937 3901 “swam''
