2824 4292
219 345 259 411 34
543 328 657 388 ansa
682 325 804 390 mant
831 326 994 387 cannen

219 511 254 572 in
270 509 512 593 Vasingtonem
530 511 627 574 misit.
675 509 753 592 Quo
768 509 867 584 iacto,
880 510 1018 573 colonus
1034 509 1118 573 alter
1137 509 1290 572 Indum
1308 509 1355 570 in·

219 615 368 678 terficere
395 615 535 678 volebat.
583 613 630 678 At
656 612 830 695 Vasingtd,
858 623 916 696 qul
942 613 1009 677 telo
1030 613 1244 676 vulneratus
1281 621 1352 674 non

219 729 299 794 erat,
313 718 482 783 hominem
497 718 668 782 discedere
684 717 881 782 incolumem
897 737 1016 799 passus
1031 727 1083 780 est
1092 737 1101 794 ;
1125 716 1200 780 iam
1221 727 1351 780 autem

220 830 286 885 non
319 824 426 886 solum
455 821 596 886 interditi
627 821 686 884 sed
724 828 824 885 noctis
855 841 988 904 quoque
1026 820 1088 884 iter
1126 819 1349 884 faciendum

196 925 449 1002 sarbitribatur,
465 925 556 1008 quod
572 925 754 1007 periculum
771 923 936 988 sentiebat
952 925 1131 987 maximum
1148 943 1245 988 esse.

645 1177 827 1245 tasson
862 1194 904 1260 30

436 1347 467 1412 A
493 1345 688 1430 Dangerous
711 1345 855 1409 Mission
876 1343 1101 1432 (Continuea')

264 1500 366 1565 Paulo
393 1510 467 1582 post
494 1499 536 1563 ad
562 1499 685 1562 flfimen
713 1519 871 1581 magnum
899 1509 1094 1582 perventum
1123 1510 1195 1578 est;
1236 1499 1335 1583 quod

219 1624 295 1668 cum
326 1615 397 1667 rate
427 1611 615 1678 transirent,
643 1602 809 1684 Vasingto
838 1604 926 1666 forte
952 1605 987 1666 in
1014 1623 1134 1687 aquam
1161 1603 1332 1685 frigidam

219 1707 347 1782 cecidit,
366 1714 496 1788 finique
512 1727 586 1770 cum
606 1706 727 1770 comite
743 1705 776 1768 in
792 1707 901 1770 insula
919 1713 1022 1788 parva
1043 1713 1163 1770 morari
1184 1715 1331 1770 coactus

218 1822 279 1887 est,
297 1812 403 1874 donec
426 1811 497 1873 dies
522 1819 655 1892 postera
676 1811 802 1874 illtixit:
833 1819 904 1872 tum
925 1811 1058 1874 demum
1083 1831 1143 1893 per
1164 1811 1328 1891 glaciem,
1391 1843 1392 1848 κ

180 1931 305 2000 toquae
329 1915 362 1978 in
387 1914 522 1978 lisnnine
546 1913 692 1990 natabat,
716 1921 847 1978 summo
871 1933 947 1978 cum
974 1914 1121 1997 periculo
1143 1915 1187 1977 ad
1211 1923 1327 1997 ripam
1391 1935 1392 1938 ¹

219 2021 357 2083 alteram
380 2018 479 2081 ambo
502 2025 674 2082 venerunt.
722 2017 863 2096 Deinde,
890 2025 977 2101 equo
1003 2017 1046 2082 ab
1073 2019 1166 2080 Indis
1193 2027 1325 2099 empto,

218 2123 348 2186 facilius
360 2122 513 2185 lecerunt
529 2123 600 2196 iter,
617 2133 651 2186 et
671 2129 840 2203 postremo
854 2122 1038 2185 incolumes
1052 2121 1188 2193 domum
1207 2130 1327 2204 pesve·

219 2233 348 2289 nerunt.
396 2225 465 2290 Ubi
488 2227 627 2306 legatus,
645 2245 719 2288 cum
740 2227 783 2289 de
802 2224 984 2308 pertinacia
1004 2225 1174 2289 Gallorum
1197 2227 1324 2289 certior

218 2328 328 2392 lactus
347 2340 445 2403 esset,
463 2329 602 2392 moleste
617 2330 730 2393 ferens
747 2329 820 2392 illos
835 2339 904 2393 tam
920 2329 1078 2393 audacter
1094 2329 1320 2411 respondisse,

179 2447 207 2500 ¹5
218 2433 461 2514 Vasingtdnem
478 2433 574 2496 iussit
588 2434 708 2497 milites
724 2441 816 2498 trans
838 2441 968 2497 montes
984 2434 1106 2496 dicere
1122 2433 1164 2496 ad
1180 2434 1320 2497 castella

218 2536 343 2599 eisdem
360 2537 393 2598 in
410 2536 490 2598 locis
506 2539 671 2618 ponenda,
689 2545 707 2600 ὂ
722 2537 843 2622 quibus
858 2539 931 2620 ipse
947 2537 1046 2616 modo
1061 2536 1213 2600 redierat.

263 2639 402 2703 Interim
425 2640 534 2703 coloni
560 2642 624 2717 alii,
647 2649 665 2704 ὂ
690 2643 860 2723 provincia
889 2642 975 2706 clam
1003 2662 1062 2723 per
1087 2648 1217 2704 montes
1244 2661 1316 2722 pro·

217 2745 307 2821 fecti,
324 2744 358 2806 in
380 2745 443 2806 illis
462 2744 654 2827 regionibus
673 2740 864 2828 longinquis
880 2747 989 2809 locum
1005 2746 1181 2829 quendam,
1200 2754 1313 2809 castris

218 2848 360 2911 maxime
375 2848 541 2925 idoneum,
559 2849 717 2912 audacter
733 2857 989 2931 occupaverunt.
1037 2848 1103 2931 Qui
1124 2855 1204 2910 verti
1223 2848 1312 2911 brevi

176 2973 209 3010 20
217 2959 236 3014 a
244 2951 349 3016 Gallis
361 2958 398 3012 se
407 2952 528 3014 dedere
537 2959 644 3015 coacti
650 2962 728 3016 sunt
739 2973 746 3029 ;
760 2973 836 3016 nam
848 2953 1022 3034 Vasingtt‘),
1037 2971 1237 3034 quamquam
1246 2952 1309 3014 iam

218 3055 359 3137 cogebat
375 3054 488 3137 copias
506 3065 607 3138 atque
627 3055 843 3136 intellegebat
861 3059 973 3120 omnia
989 3056 1051 3119 sibi
1067 3075 1141 3120 esse
1160 3054 1310 3118 iacienda

280 3237 304 3273 1.
330 3220 375 3272 in:
394 3223 434 3274 at.
840 3238 879 3283 14.
906 3219 1309 3286 tuos...resp0n‹1nn:taat

279 3317 304 3365 7.
330 3303 405 3353 rate:
431 3301 508 3367 ratic,
531 3301 636 3368 -ie,1².‚
660 3301 742 3371 raflf
792 3299 853 3369 they
864 3299 1044 3369 hadreplicd.

217 3378 259 3434 lor
270 3389 378 3451 syntax,
388 3379 423 3434 cf.
444 3381 568 3448 nivibus,
585 3396 611 3449 p,
625 3380 650 3446 6,
663 3379 682 3432 l.
699 3394 740 3433 10.
838 3396 879 3444 15.
905 3383 939 3432 ad
956 3383 1070 3433 castella
1089 3419 1096 3432 .
1119 3418 1126 3432 .
1149 3419 1155 3431 .
1176 3381 1304 3446 ponenda:

262 3479 301 3512 10.
328 3462 372 3512 in:
394 3465 467 3531 upon
479 3459 524 3513 the
534 3459 743 3531 surfaceos.-
792 3461 955 3514 toestablish
959 3461 1047 3532 forts.

216 3544 346 3596 antibat:
358 3540 392 3595 cf.
407 3544 543 3607 natantes,
556 3556 584 3609 p.
599 3555 624 3607 3,
637 3539 653 3592 l.
670 3554 712 3609 ¹5·
839 3546 878 3592 16.
905 3541 1019 3606 quibua:
1042 3539 1090 3593 the
1109 3537 1266 3592 antecedent
1282 3538 1304 3592 is

262 3640 302 3676 11.
329 3625 380 3674 ab:
398 3623 489 3694 from.
792 3622 866 3676 loeis.

263 3722 302 3757 12.
335 3703 459 3756 facilius:
494 3703 539 3755 zie.
571 3718 647 3755 more
673 3717 743 3754 com·
837 3719 879 3753 αι.
905 3702 975 3754 sibit
1012 3699 1068 3754 dat.
1083 3717 1153 3767 case,
1167 3699 1219 3753 this
1230 3699 1303 3770 being

214 3783 351 3858 sortably.
795 3780 843 3833 the
868 3781 974 3849 regular
999 3795 1106 3850 agency
1130 3779 1300 3832 construction

263 3879 304 3926 ¹3·
327 3863 388 3914 ubi:
404 3861 437 3915 cf.
449 3863 504 3928 ubi,
513 3877 539 3930 p.
551 3874 577 3926 4,
591 3858 609 3911 l.
626 3873 665 3924 14.
797 3857 861 3910 with
887 3858 934 3912 the
957 3859 1114 3929 gerundive.
1151 3858 1212 3911 The
1226 3857 1301 3912 whole
