2824 4292
220 317 262 400 58
545 319 659 379 misr
683 319 803 378 mm
829 317 993 378 READER

264 498 351 566 Cum
362 507 442 565 νὸιό
453 500 623 584 porrigere
637 508 755 566 zenam
771 500 826 564 ille
841 505 1025 574 conaretur,
1038 497 1174 580 legatus
1193 503 1340 575 signum

219 602 321 680 dedit,
348 615 383 670 et
408 605 519 670 subite
546 604 710 689 principia
734 611 818 670 sons>
844 610 1010 668 armerum
1033 601 1212 683 completa
1238 607 1336 660 sunt.

219 707 308 772 Turn
319 708 454 773 demum
469 709 611 786 barbari,
628 717 686 794 qui
699 711 765 774 iam
786 709 887 793 ptine
901 705 1090 772 sentiebant
1112 703 1237 768 omnia
1257 709 1338 765 cr'rn-

219 811 293 876 silia
309 833 370 877 sua
385 814 649 897 patefactaesse,
660 814 753 878 vultr'r
766 810 1084 878 demissr'recasteiir')
1096 808 1241 872 silentii>
1252 815 1336 869 sunt

194 922 354 997 sigressi,
374 919 518 1002 atquein
534 919 635 983 silvis
650 923 931 1002 properaverunu
954 913 1010 978 ubi
1022 919 1041 978 δ
1051 917 1247 994 cbnspectr‘r
1263 911 1334 974 Bri·

218 1027 397 1084 tannetum
414 1040 490 1086 mox
500 1023 615 1088 amissi
629 1031 716 1088 sunt

640 1247 823 1314 LESSON
855 1260 898 1328 50

590 1414 621 1481 A
648 1414 837 1499 Succesfful
854 1415 947 1478 Ruse

259 1567 388 1646 colent,
405 1589 481 1634 cum
496 1569 622 1635 bellum
637 1579 801 1652 gererent,
819 1571 923 1634 hostis
938 1588 1040 1652 saepe
1056 1567 1198 1631 fallaciis
1215 1565 1324 1628 eliis&

217 1683 304 1738 runt
352 1673 445 1738 Sicut
468 1673 534 1736 dux
557 1673 691 1758 quidam
715 1673 947 1748 Americinus,
964 1680 1020 1755 qui
1044 1678 1175 1734 menses
1194 1670 1322 1731 mult6s

217 1795 292 1838 cum
315 1776 461 1840 exercitii
472 1778 602 1853 iuerat,
619 1779 731 1841 uxr'iris
751 1777 1000 1841 conveniendae
1020 1781 1121 1839 causi
1135 1775 1214 1837 ‹ilim
1231 1774 1320 1835 clam

178 1879 353 1943 rodomum
377 1880 549 1962 profectus
571 1890 631 1944 est
678 1882 782 1946 Cuius
808 1881 952 1943 adventii
977 1880 1119 1960 c6gnit6,
1144 1877 1317 1958 oppidani,

216 1991 273 2066 qui
299 1993 398 2067 pauci
421 1983 572 2048 hostibus
599 1984 766 2059 favebant,
791 1983 961 2048 certifirem
990 1983 1142 2044 iecerunt
1167 1980 1317 2060 legatum

218 2087 455 2163 Britannicum,
472 2095 530 2170 qui
544 2096 662 2152 castris
679 2097 834 2171 praeerat
854 2087 1020 2170 proximis,
1038 2085 1155 2148 ducem
1171 2083 1266 2146 illum
1281 2082 1316 2145 in

215 2191 340 2272 oppidi)
355 2191 468 2255 latere.

260 2294 379 2377 Itaque
395 2294 467 2358 sine
477 2301 569 2359 morai
585 2315 661 2359 cum
678 2297 808 2378 legihne
821 2301 921 2359 noctir
935 2294 1116 2375 proiectus,
1129 2292 1259 2374 legatus
1271 2290 1312 2353 ad

176 2415 204 2468 ¹5
215 2396 376 2479 oppidum
389 2398 540 2462 celeriter
551 2398 741 2476 contendit;
766 2398 823 2462 ubi
838 2399 950 2462 statim
966 2396 1105 2460 aedibus
1121 2395 1313 2459 Americeni

214 2501 310 2583 ignes
326 2501 452 2564 admr'iti
467 2511 555 2566 sunt.
601 2502 679 2585 Qua
694 2502 933 2576 animadversi,
947 2501 1003 2562 ille
1019 2499 1143 2563 scilicet
1157 2498 1311 2562 credebat

215 2622 308 2684 spem
325 2623 458 2667 omnem
474 2604 540 2667 iam
556 2625 631 2668 esse
647 2605 832 2669 sublatam:
856 2605 914 2668 sed
938 2604 1009 2666 iilia
1031 2623 1074 2666 ex
1092 2601 1229 2666 aedibus
1249 2602 1310 2664 ior-

214 2707 291 2769 titer
307 2713 443 2788 egressa
459 2706 579 2788 legite,
597 2709 735 2772 “Meter
747 2707 861 2782 ¹mea,’'
877 2708 995 2788 inquit,
1014 2711 1144 2788 “aegra
1159 2714 1219 2768 est.
1257 2705 1308 2768 Dr

214 2807 302 2884 mihi,
320 2807 467 2885 obsecrr'r,
484 2810 625 2874 saltitem
641 2811 712 2875 eius
728 2812 846 2875 saltem
864 2809 1038 2874 miserae.”

275 2975 299 3010 ι.
324 2961 434 3011 atnam:
455 2976 502 3014 see
513 2977 542 3029 p.
557 2974 598 3030 57,
611 2960 630 3013 l.
648 2961 690 3015 16.
702 2991 738 3002 -
788 2961 852 3016 The
870 2960 947 3015 word
961 2977 1056 3014 means
1075 2960 1191 3030 literally
1207 2964 1258 3015 “to
1274 2959 1306 3014 he

213 3039 323 3104 rignum
334 3040 425 3092 dedit:
446 3042 491 3093 tle.
506 3043 585 3094 made
596 3058 615 3093 a
627 3044 737 3094 motrhn.
788 3040 881 3095 before
890 3043 905 3069 ”
917 3057 949 3095 or
966 3045 1019 3094 “to
1039 3041 1073 3094 be
1091 3042 1183 3103 over,”
1202 3041 1305 3094 notions

274 3135 298 3170 a.
323 3120 472 3185 principia:
490 3137 535 3172 see
549 3137 576 3188 p.
592 3134 633 3190 57,
646 3120 663 3172 l.
682 3136 723 3174 ιι.
787 3120 885 3184 which,
896 3120 924 3174 in
938 3120 1026 3186 Latin,
1037 3121 1087 3175 call
1101 3120 1143 3174 ior
1152 3121 1200 3174 the
1213 3119 1303 3173 dative.

275 3213 300 3262 7.
327 3197 461 3252 falliciis:
481 3200 566 3252 rricks
578 3216 610 3253 or
617 3201 737 3268 trr'ckery
833 3219 874 3264 14·
899 3202 1020 3266 legifine:
1044 3201 1115 3271 (his)
1129 3203 1266 3269 regimem.

216 3277 349 3351 (fellicie,
363 3293 414 3342 -ee,
427 3279 484 3348 rh).
831 3297 872 3345 15.
897 3283 1065 3334 Americini:
1091 3298 1122 3334 as
1142 3296 1224 3346 noun,
1243 3296 1301 3350 gen.

274 3366 300 3410 8.
327 3360 412 3412 sicut:
431 3377 471 3414 as.
480 3361 674 3430 sorr'nsmnce.
786 3361 858 3432 sing.
1397 3431 1398 3434 Ἴ

274 3455 301 3504 9.
325 3439 465 3493 canabei.
477 3440 523 3495 the
534 3449 599 3495 note
609 3456 646 3494 on
656 3457 682 3510 p.
692 3441 736 3507 48,
831 3448 872 3494 16.
899 3443 991 3507 ignes:
1020 3441 1152 3494 translate
1172 3457 1202 3493 as
1227 3439 1301 3510 sing,
1397 3451 1398 3474 ³

213 3517 230 3574 l.
243 3518 268 3572 6.
786 3521 841 3574 and
852 3530 913 3574 turn
928 3523 975 3576 the
984 3521 1072 3576 whole
1083 3522 1181 3590 phrase
1192 3521 1247 3573 into
1259 3521 1300 3574 the

259 3616 299 3652 ιο.
325 3599 471 3667 oppidlni:
487 3599 558 3668 (Iris)
572 3606 733 3654 townsmcn.
785 3601 875 3654 active
895 3601 1092 3666 form-qud:
1118 3606 1221 3652 neuter.

256 3697 297 3732 ιι.
323 3683 370 3744 qui
388 3683 483 3744 peuri:
503 3679 538 3733 cf.
563 3683 610 3744 qni
634 3683 736 3745 omnes,
833 3694 874 3741 ις.
899 3683 1020 3731 obsecre:
1041 3680 1123 3748 lbeg
1143 3677 1228 3748 (you)
1247 3679 1299 3748 (ob-

212 3774 239 3828 p.
253 3771 294 3827 57,
307 3757 324 3809 l.
337 3757 363 3810 8.
787 3760 868 3822 recti,
890 3759 930 3825 1).
941 3760 1044 3809 -eius
1059 3796 1065 3809 .
1082 3795 1089 3810 .
1105 3795 1111 3809 .
1126 3759 1250 3809 miserae:
1266 3758 1297 3828 os

259 3851 300 3887 ιι.
325 3836 464 3900 praeerat:
484 3833 519 3887 ci.
542 3833 631 3902 p.56‚
652 3833 669 3886 1.
694 3847 735 3902 ις.
786 3833 1065 3903 hermamonem
1395 3835 1398 4042 Ι

1389 3939 1396 3979 1.
