2920 4296
473 316 587 373 FIRST
613 315 736 376 LATIN
762 316 928 376 READER
1191 332 1248 378 121

147 498 313 573 sederunt,
333 495 445 580 ibique
469 497 568 560 heres
591 497 772 580 compleris
796 505 915 561 moreti
938 506 1033 572 sunt;
1058 506 1128 561 turn
1153 496 1251 561 tertie

146 603 217 664 iere
233 601 344 682 vigilie
360 599 492 664 silentie
507 601 548 662 ad
566 610 675 663 castra
690 608 912 676 accesserunt,
929 620 1005 664 curn
1018 601 1150 664 interim
1167 603 1251 665 duce

147 713 319 769 irterentur
334 710 431 767 serve
446 687 543 779 Ᾱίτό,
561 713 619 786 qui
635 704 811 785 Pompeius
833 704 1074 786 appellebetur.

191 793 270 874 Une
293 827 368 872 curn
392 814 489 871 serve
513 806 831 890 praegrediebantur
852 809 918 870 duo
937 808 1067 885 milites,
1085 819 1143 893 qui
1157 817 1253 874 vesti·

122 923 259 990 smenta
275 911 495 994 agricolerum
512 910 683 993 gerebant.
731 911 844 992 Quere
867 912 1021 976 custedes
1044 914 1127 976 nihil
1149 914 1252 996 suspi-

146 1025 260 1081 cantes
271 1017 422 1080 homines
434 1017 570 1097 propius
581 1015 740 1078 accedere
754 1025 844 1097 passi
856 1026 950 1092 sunt;
977 1016 1251 1098 Pompeiusenim

147 1132 219 1184 erat
243 1119 396 1184 omnibus
412 1129 520 1195 netus,
538 1121 628 1202 quod
644 1126 744 1182 antee
760 1119 801 1182 ad
819 1129 928 1182 castra
947 1141 1048 1202 saepe
1063 1128 1201 1184 venerat
1217 1130 1252 1183 ut

147 1227 306 1292 venderet
321 1228 441 1291 beces:
459 1238 538 1310 quin
555 1227 655 1291 etiarn
672 1237 804 1308 signum
822 1235 853 1289 ei
868 1233 887 1287 e
905 1226 1072 1288 Britannis
1085 1225 1251 1288 interdurn

147 1331 260 1394 datum
286 1341 365 1396 erat.
414 1333 467 1395 Ita
491 1333 618 1396 facturn
643 1339 694 1394 est
721 1339 758 1394 ut
781 1331 852 1393 sine
882 1329 1023 1411 strepitti
1051 1330 1206 1391 custedes
1233 1335 1252 1390 e

107 1460 138 1498 ιο
147 1436 304 1499 militibus
329 1436 459 1499 duribus
486 1445 704 1518 caperentur;
740 1442 773 1497 et
799 1433 947 1515 legienes
971 1434 1065 1514 ipsae
1087 1451 1193 1514 paene
1218 1431 1250 1516 in

147 1549 256 1602 castra
292 1548 465 1614 venerunt,
499 1541 692 1622 priusquam
734 1538 885 1600 Britanni
924 1544 1101 1600 senserunt
1139 1537 1251 1599 hostes

146 1644 274 1708 adesse.
321 1645 408 1707 Turn
425 1654 536 1708 autem
553 1642 705 1707 celeriter
720 1648 958 1706 concurrerunt
973 1639 1015 1702 ad
1032 1660 1124 1703 arma
1140 1649 1175 1703 et
1189 1640 1253 1703 for-

146 1747 273 1811 tissime
289 1748 539 1811 dimicaverunt.

193 1851 232 1914 Iu
250 1852 377 1934 proelie
410 1851 580 1916 Antenius
618 1850 764 1932 graviter
795 1850 989 1912 vulneretus
1027 1858 1102 1925 est;
1143 1859 1253 1911 castra

108 1981 136 2035 15
148 1965 258 2017 autern
279 1965 358 2018 sunt
374 1963 566 2036 expugneta
582 1955 624 2017 ab
641 1953 860 2028 Americenis,
879 1961 936 2034 qui
951 1952 1044 2015 brevi
1060 1951 1253 2014 deiecerunt

148 2074 250 2136 opera
266 2054 386 2130 omnia,
401 2076 487 2136 quae
505 2055 656 2118 Britanni
673 2062 794 2136 magne
810 2055 983 2136 diligentia
998 2052 1044 2117 ibi
1058 2054 1250 2118 effecerant.

554 2288 738 2352 LESSON
775 2303 835 2349 100

574 2454 711 2517 Nathan
733 2454 823 2516 Hale

191 2609 371 2692 Postquam
401 2609 552 2672 Britanni
581 2608 699 2688 Longe
722 2607 830 2669 insule
852 2615 921 2670 tete
950 2617 1047 2689 potiti
1071 2617 1158 2683 sunt,
1184 2609 1251 2672 Va-

148 2713 258 2792 singte
278 2721 389 2805 tanren
417 2712 506 2775 Novi
526 2711 668 2773 Eboreci
688 2710 891 2791 aliquamdiu
915 2719 1061 2773 muretus
1086 2721 1146 2786 est,
1173 2732 1249 2774 cum

148 2815 317 2878 discedere
332 2815 444 2891 uellet,
461 2814 568 2878 denec
589 2815 631 2876 de
653 2814 798 2877 censiliis
824 2814 970 2876 hostium
996 2815 1118 2876 certior
1144 2815 1253 2879 factus

191 2973 216 3009 2.
242 2971 304 3010 curn
318 2995 325 3008 .
341 2996 347 3009 .
364 2995 370 3009 .
385 2959 538 3009 eterentur:
585 2963 674 3009 trans·
790 2971 814 3020 7.
840 2957 980 3009 omnibus:
996 2972 1028 3009 as
1045 2956 1160 3025 (masc.)
1177 2973 1254 3012 noun

147 3036 202 3091 late
219 3036 257 3107 by
275 3053 292 3090 a
308 3036 404 3106 partic.
425 3037 533 3107 phrase.
547 3040 672 3090 —ducez
726 3035 780 3089 dat.
795 3053 866 3090 case.

151 3116 211 3190 (as)
220 3118 314 3187 guida.
788 3123 812 3168 8.
840 3121 964 3182 signum:
985 3119 1166 3187 countersign.

171 3216 214 3262 ·3·
242 3201 288 3264 qui
328 3237 336 3250 .
370 3238 376 3250 .
414 3237 421 3250 .
464 3201 671 3267 appellebetur:
787 3215 812 3260 9·
840 3200 934 3250 datum
950 3200 1022 3249 erat:
1042 3196 1172 3250 kadbeen
1185 3211 1252 3249 com-

148 3280 257 3332 namcd.
725 3277 1050 3331 mum'cated.-iartum
1074 3280 1116 3329 est
1140 3280 1185 3329 ut:
1215 3277 1249 3331 cf.

191 3378 217 3423 4.
243 3362 509 3426 praegrediebantur:
553 3375 674 3426 praegre-
725 3375 752 3428 p.
768 3373 809 3426 74,
823 3359 839 3411 l.
857 3359 1152 3428 15.—sinestrepit1'r:
1172 3357 1252 3410 with·

149 3442 213 3507 dior,
250 3456 274 3508 3,
311 3455 430 3506 -gressus
467 3455 535 3506 sum,
566 3456 602 3508 go
638 3458 673 3493 on
724 3444 773 3491 out
785 3440 994 3510 (mkz'ngany)
1008 3438 1189 3491 disturbance.

148 3520 243 3574 abead.
771 3537 811 3571 12.
837 3524 1037 3574 concurrerunt:
1060 3536 1098 3572 sc.
1116 3520 1249 3571 Britanni.

194 3616 217 3671 5,
243 3603 312 3653 nihil
332 3602 516 3668 suspicantes:
537 3602 578 3653 ie.
593 3599 673 3652 with·
770 3606 809 3651 18.
837 3603 908 3655 Novi
953 3589 1080 3655 Eboreci:
1136 3599 1252 3654 locative

148 3687 196 3735 out
206 3683 352 3750 suspicwn.
724 3696 802 3746 case3
824 3679 857 3735 cf.
873 3684 945 3736 domi
958 3682 1013 3736 and
1027 3684 1112 3734 humi.

193 3768 218 3814 6.
243 3763 367 3829 propius:
389 3760 423 3814 cf.
439 3760 485 3813 the
497 3758 571 3814 force
583 3758 615 3814 of
626 3759 672 3813 the
770 3778 809 3824 ¹9·
837 3761 927 3814 faetus
941 3766 1028 3815 esset:
1050 3761 1085 3816 ef.
1098 3765 1251 3828 exspectes·

148 3841 225 3896 word
237 3858 274 3895 on
286 3858 312 3910 p.
329 3854 385 3910 115,
398 3839 415 3892 1.
428 3854 469 3892 12.
724 3844 794 3907 sent,
806 3859 834 3911 p.
852 3855 909 3908 104,
923 3842 942 3894 l.
959 3843 1000 3895 18.
