2824 4292
400 903 585 979 TALES
624 903 697 977 OF
737 901 896 976 LAND
935 901 1057 976 AND
1095 901 1207 976 SEA

653 1150 836 1216 LESSON
868 1151 911 1229 46

587 1335 653 1398 The
678 1335 828 1399 settlers
851 1335 1028 1419 Daugltter

292 1493 332 1553 In
358 1493 530 1555 Britannia
555 1491 651 1555 Nova
676 1491 845 1573 quondam
868 1489 1044 1570 agricolae,
1062 1499 1119 1572 qui
1142 1510 1287 1572 semper
1308 1490 1356 1552 im·

247 1603 344 1676 petiis
360 1596 523 1660 timebant
540 1595 709 1669 Indorum,
728 1594 760 1656 in
778 1602 877 1676 agros
894 1595 1015 1657 cotidie
1028 1601 1141 1656 secum
1155 1615 1255 1657 arma
1274 1595 1357 1657 ferre

246 1700 415 1776 solebant;
440 1721 478 1763 ac
496 1721 601 1782 prope
613 1699 780 1782 quendam
795 1707 903 1762 vicum
920 1699 953 1760 in
972 1697 1055 1760 colle
1072 1697 1163 1760 edito
1179 1699 1355 1761 castellum

245 1824 378 1885 quoque
402 1804 545 1886 positum
574 1814 654 1879 erat,
680 1811 755 1886 quo,
780 1813 809 1866 si
839 1802 974 1886 quando
1005 1822 1090 1883 opus
1121 1811 1222 1878 esset,
1249 1803 1357 1866 coloni

220 1907 365 1983 5liber6s
382 1915 568 1991 uxoresque
580 1908 692 1972 statim
706 1907 920 1971 dedicerent.
968 1906 1046 1988 Quo
1062 1927 1102 1968 ex
1119 1906 1265 1969 castello
1282 1907 1356 1970 olim

245 2021 377 2093 signum
395 2012 504 2075 subito
527 2014 640 2076 datum
665 2023 716 2075 est
739 2011 842 2074 Indos
857 2010 985 2074 adesse.
1035 2010 1110 2073 Hoc
1128 2011 1256 2085 audito,
1276 2014 1357 2092 agn·
1398 2069 1399 2072 ,

244 2116 344 2190 colae,
360 2125 453 2198 equis
466 2118 499 2178 in
517 2127 605 2198 agris
622 2118 693 2181 sine
710 2121 802 2179 mora
815 2115 946 2190 relictis,
961 2113 1003 2176 ad
1016 2114 1110 2176 villas
1123 2122 1354 2190 cucurrerunt„
1398 2187 1399 2190 Ἴ

243 2229 277 2282 et
289 2220 444 2282 mulieres
457 2241 495 2283 ac
512 2219 632 2284 liberos
645 2240 745 2303 quam
758 2217 931 2283 celerrime
943 2218 977 2280 in
994 2218 1167 2281 castelium
1184 2219 1355 2283 dedicere

243 2331 434 2404 coeperunt.

205 2458 234 2493 lo
287 2427 335 2490 At
358 2427 407 2491 vir
430 2428 574 2509 quidam,
593 2429 646 2492 cui
669 2439 741 2492 erat
762 2427 834 2490 iilia
857 2435 996 2502 tantum,
1014 2425 1057 2488 ad
1074 2426 1251 2489 castellum
1278 2448 1351 2490 cum

242 2538 282 2593 ea
306 2541 478 2612 pervenire
502 2541 569 2595 non
602 2534 719 2614 potuit,
745 2517 937 2614 priusquam
972 2531 1048 2592 Indi
1071 2531 1104 2593 in
1129 2529 1358 2611 conspectum'
1398 2567 1399 2580 .

242 2642 422 2711 venerunt3
447 2635 559 2718 itaque
584 2637 728 2718 puellam
753 2655 890 2718 parvam
911 2637 945 2697 in
962 2634 1079 2697 arbore
1102 2641 1184 2696 cava
1209 2635 1350 2699 colloca-

243 2737 297 2814 vit,
322 2746 364 2800 ne
389 2741 500 2802 hostes
524 2761 597 2803 eam
622 2741 770 2805 invenire
796 2749 942 2822 possent,
961 2741 1108 2820 ipseque,
1128 2748 1167 2800 ut.
1188 2739 1346 2801 auxilium
1398 2805 1399 2814 ἶ

241 2842 367 2904 civibus
385 2853 452 2906 suis
469 2844 580 2920 ferret,
599 2865 658 2926 per
674 2853 772 2926 agros
788 2845 919 2908 fortiter
935 2842 1116 2907 contendit.
1398 2825 1399 2836 ἵ

203 2983 230 3036 ¹5
286 2947 325 3008 In
357 2946 491 3028 proelio,
517 2949 605 3030 quod
629 2959 680 3011 est
703 2949 748 3011 ibi
772 2949 995 3022 commissum,
1013 2946 1054 3008 ab
1081 2946 1174 3008 Indis
1194 2957 1294 3029 eapti,
1313 2949 1342 3010 in
1398 2971 1399 3038 ff

242 3049 340 3112 silvas
365 3052 563 3134 longinquis
586 3052 720 3115 deducti
743 3062 822 3115 sunt
844 3050 1010 3132 agricolae
1035 3058 1142 3132 pauci,
1159 3053 1192 3113 in
1218 3061 1266 3114 eis
1290 3052 1342 3114 ille
1398 3087 1399 3116 ς

240 3153 298 3229 vir,
312 3155 353 3216 de
370 3164 436 3236 quo
453 3155 550 3219 modo
563 3157 637 3218 dixi.
686 3155 859 3238 Oppidani
871 3155 996 3219 scilicet
1008 3154 1221 3217 crediderunt
1237 3156 1339 3218 filiam

241 3265 397 3321 sinaeum
416 3269 509 3340 patre
533 3269 664 3342 captam
682 3280 773 3322 esse:
799 3259 857 3323 sed
873 3257 928 3321 ille
945 3258 1056 3322 multis
1073 3267 1148 3339 post
1172 3258 1338 3322 mensibus
1398 3267 1399 3344 Ϊ

284 3465 309 3511 3.
335 3450 423 3501 editi:
448 3450 546 3514 editus,
560 3464 596 3516 -a‚
610 3462 675 3515 nm,
691 3449 764 3518 iz'glt.
878 3457 903 3501 8.
930 3463 1012 3515 quam
1031 3450 1182 3502 celerrime:
1205 3447 1240 3503 ef.
1254 3466 1281 3518 p.
1296 3463 1336 3516 47,

282 3543 308 3593 4.
334 3533 400 3595 quo:
439 3529 473 3584 cf.
507 3533 567 3597 quo,
592 3547 618 3598 p.
638 3543 681 3597 47,
699 3530 716 3582 l.
736 3543 763 3581 2.
815 3529 893 3596 l.14.

155 3665 157 3673 Ι
250 3613 306 3660 ›-si
326 3613 446 3673 quando:
470 3611 547 3678 isat
568 3625 623 3676 any
641 3612 715 3673 time,
734 3625 765 3661 or
862 3626 901 3659 ιι.
926 3611 1098 3674 prinsquam:
1119 3612 1163 3662 tle.
1183 3612 1334 3675 antequam.

241 3683 394 3739 whenevc'r.
410 3702 523 3753 -opus
560 3692 647 3738 esset:
690 3689 765 3740 there
861 3703 901 3751 15.
928 3693 972 3741 est
993 3728 999 3740 .
1023 3728 1029 3740 .
1055 3729 1060 3740 .
1084 3691 1273 3742 commissum:
1291 3691 1334 3744 Le.

240 3765 341 3817 should
362 3767 391 3817 be
415 3767 490 3818 need.
815 3769 989 3820 commissum
1005 3772 1057 3821 est.

287 3859 312 3907 7.
339 3845 397 3894 sine
417 3849 506 3895 mori:
533 3844 737 3910 i.e.instantly.
865 3851 905 3897 16.
932 3847 1028 3899 ineis:
1050 3847 1084 3902 cf.
1096 3865 1122 3917 p.
1135 3849 1178 3916 38,
1191 3848 1207 3901 l.
1226 3863 1264 3914 14.

774 3949 806 4003 54
