2920 4296
460 298 574 355 auur
599 298 722 356 muru
749 299 913 356 RsADuR
1176 318 1233 381 131

136 479 197 543 Cn.
222 477 416 574 Pompeium
433 478 567 542 adeum
585 479 673 542 misit
689 486 853 560 rogatum,
872 486 908 542 ut
926 478 989 542 sibi
1012 477 1237 562 militibusque

136 592 295 664 parceret.

551 794 735 859 Lussou
771 809 831 875 107

367 977 601 1043 Anniln'bztion
623 979 664 1060 of
680 977 733 1041 tie
755 979 887 1043 Roman
909 979 1006 1043 Force

182 1142 255 1203 Rex
265 1141 437 1222 respondit
449 1140 530 1203 nihil
543 1141 704 1203 Romanis
713 1140 898 1204 timendum
909 1161 993 1217 esse,
1008 1150 1111 1224 seque
1122 1142 1239 1207 Sabini

137 1243 241 1326 ipsius
257 1245 397 1307 saltitem
415 1251 595 1326 praestare,
613 1251 641 1306 si
657 1244 712 1307 ille
728 1245 771 1306 ad
787 1243 988 1326 colloquium
1001 1253 1115 1309 venire
1127 1247 1237 1310 vellet.
1282 1304 1288 1314 .

112 1348 215 1430 §Quo
238 1348 359 1424 auditi),
378 1349 477 1412 Cotta
499 1357 611 1411 tamen
635 1347 772 1431 negavit
795 1347 838 1411 ad
861 1355 1024 1412 armitum
1050 1350 1179 1413 hostem
1204 1357 1240 1413 se

137 1451 269 1528 iturum,
287 1463 386 1535 atque
403 1452 436 1514 in
452 1460 493 1515 eri
509 1453 742 1534 perseveravit.
790 1452 934 1517 Sabinus
957 1463 1068 1516 autem
1088 1453 1240 1518 tribunos

138 1557 277 1619 militum
312 1557 590 1639 centurionesque
625 1564 682 1639 qui
715 1555 894 1620 adstabant
928 1565 964 1620 se
999 1567 1094 1639 sequi
1124 1557 1239 1637 iussit;

138 1681 280 1744 cumque
304 1661 440 1743 propius
460 1658 691 1743 Ambiorigem
711 1663 915 1737 accessisset,
934 1661 1044 1725 iussus
1063 1682 1156 1725 arma
1175 1662 1242 1725 abi-

138 1785 223 1840 cere,
252 1765 370 1847 paruit,
395 1785 434 1828 ac
465 1774 533 1828 suis
560 1773 597 1828 ut
622 1765 710 1829 idem
738 1765 890 1829 iacerent
917 1765 1101 1848 imperavit.
1149 1766 1240 1829 Dum

98 1896 129 1932 ιο
138 1878 249 1931 autem
265 1868 311 1931 ibi
327 1869 369 1932 de
388 1868 639 1933 condicionibus
661 1869 747 1933 inter
771 1877 807 1932 se
829 1879 943 1951 agunt,
962 1870 1107 1934 Sabinus
1130 1871 1242 1952 paulei-

138 1972 197 2035 tim
213 1973 460 2036 circumventus
475 1980 496 2036 a
512 1974 617 2038 Gallis
633 1983 762 2037 occisus
778 1985 838 2037 est.

182 2077 269 2139 Tum
297 2085 376 2141 vero
407 2079 520 2142 hostes
547 2078 756 2142 sustulerunt
782 2077 954 2155 ululatum,
982 2078 1176 2161 impetuque
1208 2078 1241 2141 in
1347 2117 1348 2120 =

138 2189 270 2245 nostros
294 2183 384 2246 facto
408 2183 542 2245 ordines
569 2183 857 2266 perturbaverunt.
906 2182 958 2246 Ibi
988 2183 1026 2246 L.
1057 2184 1157 2247 Cotta
1186 2203 1243 2265 pu-

139 2293 248 2367 gnans
274 2288 372 2368 periit
397 2308 472 2350 cum
498 2289 641 2350 maxima
669 2297 762 2370 parte
791 2287 940 2350 militum.
989 2287 1123 2369 Reliqui
1149 2295 1185 2350 se
1207 2289 1241 2350 in

100 2390 278 2463 rshiberna
302 2399 510 2474 receperunt,
527 2394 617 2455 unde
641 2403 737 2455 erant
760 2399 868 2474 nuper
892 2398 1026 2473 egressi.
1073 2375 1241 2473 'Equibus

141 2494 178 2557 L.
197 2495 400 2559 Petrosidius
416 2495 581 2578 aquilifer,
598 2497 700 2558 homo
716 2502 913 2578 magnarum
929 2497 1058 2570 virium,
1075 2515 1151 2558 cum
1168 2503 1244 2559 crin-

140 2599 319 2662 fertissima
342 2599 554 2663 multitudine
577 2599 722 2663 hostium
746 2606 962 2682 premeremur,
987 2599 1132 2681 aquilam
1156 2600 1243 2662 intra

140 2703 263 2765 vallum
286 2703 433 2784 proiecit,
456 2704 528 2785 ipse
550 2711 611 2785 pri)
632 2710 749 2767 castris
770 2701 951 2765 fortissime
972 2710 1129 2784 pugnans
1145 2701 1244 2766 inter-

139 2806 249 2870 iectus
265 2817 324 2870 est.

97 2937 130 2973 ω
185 2911 329 2973 Romani
345 2918 444 2993 aegre
465 2911 508 2974 ad
532 2921 664 2975 noctem
687 2912 973 2994 oppugnationem
999 2910 1242 2986 sustinuerunt;

204 3115 226 3153 1.
252 3101 664 3172 Cn.:i.e.cnaeua(Gnaeus).—
715 3102 773 3155 ard
794 3102 897 3165 bearer,
926 3100 966 3154 lit.
996 3102 1070 3171 eaglc
1092 3102 1243 3154 heom.-

139 3184 277 3246 rogatum:
298 3181 331 3235 cf.
343 3185 470 3249 petitum,
481 3199 507 3251 p.
521 3196 563 3251 95,
576 3181 594 3234 l.
613 3195 653 3250 13.
716 3180 802 3236 Aside
819 3180 888 3235 from
910 3181 957 3234 the
979 3181 1126 3234 standards
1146 3179 1178 3234 of
1195 3181 1242 3234 the

201 3279 226 3325 4.
252 3264 351 3315 vellat:
371 3261 407 3316 cs.
422 3261 468 3314 the
486 3270 551 3315 note
566 3278 603 3314 on
618 3264 665 3313 ad·
715 3262 835 3327 cohorts,
848 3262 916 3316 each
934 3261 1028 3333 legion
1046 3261 1151 3315 carried
1166 3277 1182 3312 a
1197 3260 1243 3313 sil-

140 3346 304 3407 moveantur,
317 3359 345 3410 p.
359 3342 402 3408 61,
416 3342 433 3394 l.
452 3357 492 3408 14.
715 3359 763 3397 ver
789 3343 1041 3412 eagle.—virium:
1074 3340 1141 3395 from
1170 3340 1243 3393 what

200 3429 225 3474 ⁶.
252 3426 297 3476 ao:
320 3422 425 3493 (neat.)
443 3440 525 3477 noun.
717 3440 791 3477 nom.
815 3423 907 3494 sing?
944 3421 1014 3477 Give
1038 3438 1116 3476 some
1140 3419 1172 3475 of
1196 3420 1243 3474 the

201 3511 226 3556 8.
252 3505 376 3571 propius:
397 3504 461 3557 with
479 3503 526 3559 the
543 3503 618 3558 force
632 3500 665 3558 of
716 3503 860 3574 meanings
874 3501 905 3558 of
913 3503 961 3558 the
973 3502 1104 3574 singular.

139 3601 254 3655 aprep.,
267 3588 468 3656 qutiencarto.
762 3601 802 3649 1⁷·
828 3586 963 3650 aquilam:
1001 3585 1101 3649 aquila,
1130 3597 1180 3648 aa,
1204 3595 1244 3649 a„

201 3684 226 3729 9·
253 3667 339 3719 idam:
360 3676 425 3721 note
438 3667 485 3721 the
497 3664 611 3738 gender.
716 3665 797 3736 eagle.

186 3765 226 3811 14.
251 3763 327 3802 cum:
347 3749 462 3800 Larini
474 3763 542 3800 cum.
761 3753 801 3799 18.
828 3747 902 3814 ipae:
929 3748 1022 3799 autem
1041 3761 1103 3814 may
1124 3742 1160 3797 be
1181 3760 1245 3813 sup·

185 3835 226 3881 1⁶.
252 3828 380 3895 aquilifer
394 3830 466 3900 (eri,
481 3830 549 3898 u.):
569 3828 666 3880 stand-
716 3825 799 3896 plied.
