2824 4292
412 345 526 405 FIRST
552 346 674 404 LATIN
701 345 866 404 READER

513 596 699 662 LESSON
732 610 773 678 57

367 779 680 866 Captivity'among
699 781 753 845 tlte
774 782 915 860 Indiam

134 949 329 1034 Priusquam
353 950 544 1035 provinciae
567 950 789 1015 Americanae
812 951 942 1016 validae
966 960 1044 1015 sunt
1069 952 1190 1028 factae,

88 1054 168 1116 Indi
183 1055 307 1137 oppida
322 1055 505 1137 longinqua
521 1075 623 1136 saepe
639 1055 893 1130 adoriebantur;
917 1056 1104 1138 miseraque
1121 1065 1192 1118 erat

88 1159 225 1220 fortuna
241 1166 353 1220 eorum
371 1160 575 1234 colonorum,
592 1165 649 1242 qui
664 1157 706 1220 ab
722 1165 770 1222 eis
785 1168 876 1240 capti
891 1169 978 1222 sunt.
1025 1147 1053 1219 Ε
1071 1158 1192 1242 quibus
1274 1215 1276 1220 .

89 1269 176 1324 imus
193 1262 275 1326 haec
292 1263 364 1326 fere
379 1262 421 1325 dc
437 1270 474 1326 se
489 1272 746 1326 commemorat:

63 1392 78 1449 5
137 1371 154 1399 “
166 1353 286 1443 Olim,”
303 1367 419 1450 inquit,
438 1373 543 1430 “cum
563 1367 697 1430 barbari
720 1367 829 1431 subito
850 1367 883 1430 in
907 1376 1123 1451 conspectum
1139 1377 1192 1432 ve-

89 1472 227 1545 nissent,
242 1491 305 1553 ego
319 1491 394 1535 cum
408 1471 584 1553 oppidz'mis
597 1478 715 1536 ceteris
727 1473 810 1554 iuga
826 1479 929 1554 petivi
945 1472 1095 1548 saltitem,
1109 1484 1143 1536 et
1157 1474 1192 1535 in

90 1575 448 1658 paludem-proximam
466 1593 570 1659 quam
585 1576 755 1640 celerrime
774 1577 939 1640 contendi.
988 1577 1055 1642 Sed
1071 1579 1106 1639 in
1123 1578 1193 1641 luto

88 1680 275 1762 prolapsus,
292 1686 312 1743 a
328 1681 433 1744 tribus
450 1681 543 1744 Indis
565 1691 683 1764 captus
708 1701 791 1757 sum,
808 1691 909 1763 atque
933 1688 999 1743 imi
1022 1682 1193 1745 cum-reli-

89 1797 163 1870 quis
175 1795 315 1870 captivis
331 1786 365 1850 in
382 1788 481 1851 silvas
497 1787 597 1869 longe
616 1808 690 1850 sum
706 1786 886 1863 deductus3
911 1788 967 1850 ubi
983 1788 1053 1852 dies
1070 1789 1192 1852 multos

48 1920 80 1957 ιο
90 1912 150 1975 per
168 1901 298 1956 montes
320 1901 451 1956 summo
471 1913 546 1956 cum
571 1892 684 1955 labore
706 1892 847 1956 fecimus
871 1892 942 1968 iter,
961 1913 1036 1974 cum
1058 1893 1192 1957 interim
1247 1929 1248 1932 κ

89 1999 308 2062 contumelias
324 1998 553 2063 acerbissimis
570 1997 690 2062 cotidie
706 1999 795 2061 ferre
811 1998 1020 2080 cogebamur.

135 2105 277 2167 “Noctu
301 2104 414 2168 hostes
435 2113 584 2187 captivos
608 2105 701 2166 humi
731 2111 869 2187 supinos
897 2105 1115 2181 collocabant,
1139 2125 1193 2168 cu-

90 2218 227 2291 neisque
244 2208 277 2272 in
293 2216 381 2272 terrai
393 2209 520 2283 defixis,
536 2217 654 2272 maniis
671 2209 842 2291 pedesque
859 2217 930 2271 arte
945 2209 1194 2291 religabantur}

90 2311 165 2395 quis
185 2323 334 2376 nostrum
357 2334 416 2395 per
437 2313 592 2378 tenebris
614 2314 765 2395 effugere
786 2320 969 2376 conaretur.
1019 2314 1192 2377 Interdum

52 2426 202 2490 15autem
219 2427 313 2481 tanta
331 2430 404 2482 erat
426 2419 539 2501 inopia
555 2417 628 2491 cibi,
648 2427 684 2481 ut
706 2417 846 2493 barbari,
863 2419 960 2480 veriti
982 2425 1025 2480 ne
1048 2419 1193 2481 frumen-

91 2530 161 2583 tum
182 2521 345 2598 deficeret‚
363 2531 425 2586 nos
445 2523 547 2586 etiam
565 2523 636 2605 igni
656 2522 815 2585 mandire
834 2521 938 2586 semel
956 2524 1143 2605 iterumque
1158 2523 1193 2585 in

91 2624 202 2688 animo
220 2625 391 2689 haberent.
438 2628 487 2691 At
505 2648 579 2709 ego,
597 2636 774 2709 postquam
794 2627 919 2708 frigore
940 2626 1098 2709 fameque
1120 2647 1193 2689 sum

92 2749 199 2811 paene
214 2737 362 2806 necatus
379 2741 495 2813 paucis
515 2740 591 2813 post
610 2731 780 2794 mensibus
799 2737 819 2792 a
837 2729 972 2794 domino
995 2738 1082 2794 novo
1104 2750 1195 2811 emp

91 2841 153 2910 tus,
171 2841 340 2915 postremo
356 2835 491 2898 domum
507 2834 682 2898 incolumis
698 2835 864 2916 perveni.'’

134 3023 159 3058 2.
185 3009 389 3061 adoriebantur:
415 3008 449 3063 cf.
464 3009 616 3077 capiebant,
730 3023 754 3072 7.
781 3022 878 3074 quam:
902 3008 936 3062 ci.
956 3026 984 3078 p.
1005 3023 1049 3076 47,
1067 3007 1085 3061 l.
1109 3022 1196 3074 14.-

91 3104 118 3156 p.
132 3086 175 3157 65,
187 3087 207 3140 l.
222 3103 247 3140 2.
666 3091 739 3142 luto:
760 3091 856 3156 lutum,
868 3093 897 3156 ·i‚
911 3103 950 3154 u,
963 3091 1040 3142 mud.

134 3186 159 3232 4.
185 3171 266 3221 haec:
319 3179 393 3223 neut.
446 3171 617 3241 pl.-com·
712 3188 752 3222 11.
778 3171 970 3223 contumeliis:
990 3168 1025 3224 cf.
1039 3187 1067 3238 p.
1085 3169 1194 3236 18‚l.1⁴

92 3252 235 3300 memorat:
255 3251 300 3303 tle.
315 3255 415 3303 nirrat.
453 3251 515 3304 The
527 3251 616 3306 whole
714 3268 754 3314 13.
781 3254 854 3302 arti:
891 3250 962 3317 adv„
997 3250 1102 3320 tightly.
1115 3254 1196 3301 -ni

92 3327 189 3399 phrase
219 3346 280 3398 may
304 3329 339 3384 be
369 3331 503 3384 rendered
534 3330 617 3402 ireely
668 3333 745 3397 quis:
766 3329 801 3385 ci.
813 3330 943 3385 thesame
956 3331 1056 3400 phrase
1065 3348 1103 3384 on
1112 3348 1140 3400 p.
1152 3330 1195 3397 64,

92 3409 242 3462 ducourses
266 3411 415 3463 somewhat
441 3429 474 3463 as
495 3411 617 3482 follows,
669 3411 687 3465 l.
702 3428 727 3466 2.

92 3497 143 3543 etc.
713 3511 753 3557 14.
780 3495 917 3545 nostrum:
938 3491 1008 3546 from
1021 3505 1077 3557 ego.

134 3584 160 3634 5.
186 3572 291 3636 inquit:
311 3580 423 3641 present
435 3581 524 3628 tense.
715 3588 755 3638 rs.
781 3576 888 3626 autem:
936 3575 1195 3626 mortuum-ui:

134 3656 159 3703 6.
186 3651 267 3718 iugi:
299 3652 353 3707 abl.
378 3652 410 3707 oi
433 3671 545 3722 means3
576 3671 617 3709 we
668 3652 703 3708 cs.
718 3671 745 3724 p.
760 3654 802 3721 61,
816 3653 834 3706 1.
849 3653 876 3707 6.

93 3731 181 3786 would
199 3749 256 3802 say,
270 3736 286 3766 “
293 3734 324 3787 in
342 3732 422 3804 ssight
430 3736 461 3802 ”3
481 3734 516 3789 cf.
537 3735 617 3790 other
712 3742 751 3788 16.
778 3737 921 3788 mandare:
961 3736 1066 3802 mando,
1091 3749 1113 3802 1,
1135 3751 1198 3787 con-

94 3811 251 3883 tenderings
264 3812 298 3867 os
310 3813 365 3868 this
378 3813 444 3882 abl„
457 3832 485 3884 p.
500 3829 542 3886 57,
555 3815 584 3868 ll.
599 3815 617 3869 6
667 3818 738 3886 sign.
749 3818 876 3869 -semel
895 3818 1061 3881 iterumque:
1083 3831 1130 3869 see
1149 3814 1197 3868 the
1265 3883 1267 3886 Ι

92 3892 147 3948 and
159 3893 186 3947 8.
667 3896 772 3952 Vooeb.
