2920 4296
513 315 627 374 FIRST
652 317 775 374 LATIN
802 313 976 374 READER·

614 537 799 604 LESSON
831 539 873 618 89

581 721 612 785 Α
637 723 748 786 Fauor
768 722 903 804 Repaid

233 870 324 952 &lim
343 886 448 949 Indus
463 891 599 967 ignotus
619 885 652 947 in
671 884 896 948 deversorium
921 885 1070 949 esuriens
1085 885 1194 961 venit;
1218 904 1297 949 cum

191 1001 301 1053 autem
326 989 381 1051 diu
406 990 530 1051 frustra
552 995 692 1052 venatus
716 998 796 1064 erat,
814 988 925 1052 cibum
948 1009 1060 1053 emere
1084 996 1152 1051 non
1175 988 1295 1070 potuit.

192 1093 259 1157 Sed
283 1094 420 1156 colonus
447 1092 591 1173 quidam,
615 1085 672 1173 qui
700 1093 981 1156 animadverterat
1009 1093 1100 1156 fame
1125 1091 1295 1154 hominem

190 1216 263 1260 esse
280 1216 387 1277 paene
404 1196 605 1270 conlectum,
623 1203 810 1277 cauponam
824 1195 918 1258 iussit
928 1196 1037 1258 cibum
1051 1195 1141 1271 dare,
1155 1195 1297 1277 ipseque

165 1299 366 1383 5pect'miam
383 1299 490 1362 solvit.
538 1298 644 1361 Indus
660 1298 778 1361 colono
794 1299 918 1381 gratias
936 1299 1095 1362 maximas
1115 1299 1183 1380 egit
1201 1298 1296 1380 polli-

190 1404 341 1485 citusque
358 1413 409 1466 est
425 1409 461 1464 se
477 1422 609 1482 semper
625 1402 824 1465 beneficium
842 1403 1001 1465 memoria
1017 1402 1270 1465 custoditurum.

235 1508 352 1569 Paucis
369 1515 446 1587 post
465 1513 561 1567 annis
580 1506 719 1568 colonus
742 1506 816 1586 ipse
833 1504 875 1568 ab
899 1505 996 1568 Indis·
1008 1514 1125 1586 captus
1141 1514 1193 1568 est
1207 1516 1241 1568 et
1258 1506 1294 1568 in

191 1610 361 1674 Canadam
378 1609 540 1672 deductus
551 1631 558 1685 ;
585 1609 641 1670 ubi
654 1615 673 1670 a
685 1608 821 1671 domino
831 1609 864 1670 in
876 1608 976 1672 silvas
987 1629 1088 1690 saepe
1101 1608 1294 1690 lignationis

189 1720 290 1777 causa
311 1714 431 1776 missus
446 1723 505 1775 est.
554 1699 654 1787 Olim,
671 1732 747 1775 cum
769 1713 886 1794 procul
903 1711 945 1775 ab
961 1712 1100 1775 aedibus
1116 1713 1292 1786 laboraret,

150 1842 181 1880 ro
190 1817 299 1880 subito
315 1817 349 1878 in
365 1825 580 1897 conspectum
591 1815 683 1878 venit
701 1816 805 1879 Indus
821 1815 966 1897 quidam,
981 1823 1037 1897 qui
1051 1835 1126 1878 eum
1141 1817 1294 1878 hortatus

189 1930 241 1985 est
255 1931 292 1984 ut
307 1921 407 2003 paulo
430 1928 506 2001 post
528 1920 562 1982 in
586 1919 695 1982 locum
720 1929 847 1982 certum
867 1919 909 1982 ad
929 1919 1129 2001 colloquium
1152 1926 1291 1983 veniret.

191 2025 336 2089 Colonus
360 2024 449 2086 haud
472 2023 596 2086 invitus
619 2021 784 2105 pollicitus
808 2033 878 2099 est;
912 2032 982 2087 tum
1006 2023 1144 2086 insidias
1166 2024 1293 2085 veritus

190 2127 360 2191 consilium
394 2128 543 2202 mutavit,
577 2146 687 2209 neque
720 2126 762 2188 ad
795 2126 904 2189 locum
937 2127 1030 2189 venit
1063 2125 1291 2190 constitutum.

191 2232 308 2293 Paucis
326 2239 401 2312 post
424 2230 541 2292 diebus
563 2229 667 2291 Indus
688 2249 765 2292 eum
781 2229 900 2291 iterum
920 2229 1085 2305 convenit,
1104 2229 1294 2312 iterumque
1316 2275 1317 2278 κ

150 2363 178 2417 ¹5
190 2335 340 2398 hortatus
357 2343 460 2396 estut
476 2333 540 2395 alio
556 2333 609 2395 die
626 2333 667 2395 ad
684 2332 791 2395 locum
810 2332 1012 2395 destinatum
1028 2341 1099 2397 iret.

233 2437 311 2520 Qus)
327 2437 382 2499 ubi
398 2446 594 2518 perventum
607 2446 667 2512 est,
682 2437 787 2498 Indus
801 2443 836 2499 se
846 2444 941 2518 sequi
954 2436 1059 2511 iussit,
1071 2456 1109 2500 ac
1120 2455 1181 2518 per
1190 2435 1292 2499 silvas

109 2601 113 2608 .
188 2541 340 2604 celeriter
363 2541 533 2621 profectus
558 2550 618 2603 est.
665 2540 772 2614 Alter,
791 2547 855 2602 etsi
879 2541 977 2603 timor
1005 2541 1076 2603 eius
1105 2539 1294 2620 occupabat

188 2645 345 2720 animum,
373 2645 543 2727 finemque
574 2643 701 2707 itineris
732 2651 868 2706 omnino
895 2644 1075 2719 nesciebat,
1101 2652 1291 2706 esttamen

189 2756 340 2825 secutus3
365 2768 506 2830 cumque
522 2747 592 2810 dies
608 2748 730 2810 multos
754 2757 817 2828 per
839 2747 938 2810 silvas
962 2747 1024 2810 iter
1047 2747 1216 2821 fecissent,
1236 2766 1294 2828 po-

147 2887 180 2924 20
189 2853 358 2915 stremoad
367 2851 526 2933 oppidum
539 2859 772 2932 pervenerunt,
781 2851 869 2933 quod
881 2851 1017 2914 colonus
1029 2851 1136 2914 laetus
1147 2860 1183 2912 ut
1193 2869 1292 2912 suum

188 2958 352 3037 cognovit.
400 2957 486 3018 Tum
498 2956 572 3030 dux,
586 2961 603 2987 “
613 2956 687 3037 Ego
697 2956 724 3018 is
738 2955 842 3030 sum,”
854 2955 968 3037 inquit,
983 2961 1107 3037 “quem
1120 2961 1155 3017 tir
1168 2954 1293 3016 abhinc

189 3061 310 3122 multos
327 3066 450 3122 mensis
466 3060 540 3123 cibo
555 3059 675 3122 iuvisti.
724 3059 801 3121 Hoc
818 3059 916 3121 modo
931 3059 1042 3121 refero
1057 3056 1230 3141 gratiam.”

252 3195 421 3247 aesuriem
465 3196 568 3264 (entis,
611 3194 711 3264 part.):
811 3208 850 3256 15.
878 3194 1060 3245 destinatum:
1081 3192 1293 3258 destinatus-a,

188 3273 431 3345 bungry.-cum:
453 3274 596 3327 inasmuch
608 3292 649 3327 as.
764 3287 829 3339 -urn,
841 3273 1007 3343 desagmated.

249 3373 275 3418 4.
302 3354 467 3407 confectum:
512 3354 712 3408 exhausted.-
809 3359 849 3404 16.
876 3357 920 3405 se:
940 3353 995 3424 obj.
1009 3351 1135 3420 olsequi.

186 3438 350 3502 cauponam:
372 3438 498 3502 caupona,
518 3449 569 3497 ae,
589 3448 627 3497 r„
648 3436 712 3486 nu's·
809 3450 848 3497 17.
875 3434 949 3485 eiua:
970 3433 1096 3486 modifier
1110 3430 1143 3486 ol
1157 3433 1291 3484 animum.

186 3522 256 3570 trcss
267 3517 304 3587 os
313 3514 386 3587 (the)
401 3517 460 3569 inn.
807 3520 845 3565 18.
870 3513 971 3565 finem:
992 3520 1115 3568 contrast
1128 3512 1206 3564 fures.

183 3665 185 3670 Ι
248 3603 273 3648 8.
298 3597 474 3660 lignationis:
494 3594 528 3649 cf.
545 3594 592 3647 the
610 3611 659 3647 use
678 3591 710 3647 ol
806 3610 848 3645 ao.
874 3597 906 3646 ut
918 3609 1012 3646 auum:
1032 3593 1201 3647 ashisown.

186 3676 232 3728 the
251 3674 402 3743 gerundive
418 3674 484 3728 with
509 3678 589 3726 causi
612 3680 642 3727 to
666 3690 712 3727 ex·
807 3691 848 3724 21.
875 3675 915 3726 is:
935 3673 980 3727 the
992 3691 1067 3726 man.

186 3771 263 3823 press
282 3770 409 3822 purpose.
807 3771 848 3805 aa.
876 3754 1008 3818 gratiam:
1071 3759 1192 3808 contrast
1241 3750 1291 3806 the

233 3851 272 3898 14.
299 3836 398 3884 Indus:
418 3830 463 3884 the
476 3831 589 3884 Indian.
763 3832 892 3902 meaning
905 3831 936 3886 ol
945 3833 1057 3899 gratiis,
1070 3831 1089 3884 l.
1105 3845 1131 3902 5.
