<?xml version="1.0" encoding="UTF-8"?>
<!DOCTYPE html PUBLIC "-//W3C//DTD XHTML 1.0 Transitional//EN"
    "http://www.w3.org/TR/xhtml1/DTD/xhtml1-transitional.dtd">
<html xmlns="http://www.w3.org/1999/xhtml" xml:lang="en" lang="en">
 <head>
  <title>
</title>
<meta http-equiv="Content-Type" content="text/html;charset=utf-8" />
  <meta name='ocr-system' content='tesseract 3.04.00' />
  <meta name='ocr-capabilities' content='ocr_page ocr_carea ocr_par ocr_line ocrx_word'/>
</head>
<body>
  <div class='ocr_page' id='page_1' title='image "./afirstlatinread01nuttgoog_0053.png"; bbox 0 0 2878 4286; ppageno 0'>
   <div class='ocr_carea' id='block_1_1' title="bbox 210 317 988 400">
    <p class='ocr_par' dir='ltr' id='par_1_1' title="bbox 210 317 988 400">
     <span class='ocr_line' id='line_1_1' title="bbox 210 317 988 400; baseline -0.009 -18"><span class='ocrx_word' id='word_1_1' title='bbox 210 317 251 400; x_wconf 84' lang='lat'><strong>38</strong></span> <span class='ocrx_word' id='word_1_2' title='bbox 535 317 649 376; x_wconf 76' lang='lat' dir='ltr'><strong>msc</strong></span> <span class='ocrx_word' id='word_1_3' title='bbox 674 317 796 376; x_wconf 76' lang='lat' dir='ltr'><strong>rnrm</strong></span> <span class='ocrx_word' id='word_1_4' title='bbox 822 317 988 376; x_wconf 74' lang='lat' dir='ltr'><strong>uanum</strong></span> 
     </span>
    </p>
   </div>
   <div class='ocr_carea' id='block_1_2' title="bbox 187 501 1421 1106">
    <p class='ocr_par' dir='ltr' id='par_1_2' title="bbox 187 501 1421 1106">
     <span class='ocr_line' id='line_1_2' title="bbox 212 501 1317 584; baseline -0.003 -20"><span class='ocrx_word' id='word_1_5' title='bbox 212 508 389 582; x_wconf 80' lang='lat' dir='ltr'><strong>postreme,</strong></span> <span class='ocrx_word' id='word_1_6' title='bbox 403 501 514 565; x_wconf 82' lang='lat' dir='ltr'><strong>multis</strong></span> <span class='ocrx_word' id='word_1_7' title='bbox 527 502 732 565; x_wconf 87' lang='lat' dir='ltr'><strong>detrimentis</strong></span> <span class='ocrx_word' id='word_1_8' title='bbox 745 501 851 577; x_wconf 69' lang='lat' dir='ltr'><strong>fricti,</strong></span> <span class='ocrx_word' id='word_1_9' title='bbox 866 508 981 583; x_wconf 80' lang='lat' dir='ltr'><strong>pecem</strong></span> <span class='ocrx_word' id='word_1_10' title='bbox 1000 501 1186 584; x_wconf 89' lang='lat' dir='ltr'><strong>petierunt;</strong></span> <span class='ocrx_word' id='word_1_11' title='bbox 1211 519 1317 582; x_wconf 89' lang='lat' dir='ltr'><strong>quam</strong></span> 
     </span>
     <span class='ocr_line' id='line_1_3' title="bbox 212 605 1317 689; baseline -0.003 -21"><span class='ocrx_word' id='word_1_12' title='bbox 212 626 286 668; x_wconf 90' lang='lat' dir='ltr'><strong>mox</strong></span> <span class='ocrx_word' id='word_1_13' title='bbox 316 606 430 687; x_wconf 87' lang='lat' dir='ltr'>adepti</span> <span class='ocrx_word' id='word_1_14' title='bbox 461 616 547 682; x_wconf 92' lang='lat' dir='ltr'><strong>sunt,</strong></span> <span class='ocrx_word' id='word_1_15' title='bbox 581 606 717 670; x_wconf 79' lang='lat' dir='ltr'><strong>Canade</strong></span> <span class='ocrx_word' id='word_1_16' title='bbox 747 605 887 689; x_wconf 88' lang='lat' dir='ltr'><strong>aliisque</strong></span> <span class='ocrx_word' id='word_1_17' title='bbox 918 606 1109 687; x_wconf 81' lang='lat' dir='ltr'><strong>regienibus</strong></span> <span class='ocrx_word' id='word_1_18' title='bbox 1141 605 1317 668; x_wconf 88' lang='lat' dir='ltr'><strong>Britannis</strong></span> 
     </span>
     <span class='ocr_line' id='line_1_4' title="bbox 211 712 1421 796; baseline -0.001 -21"><span class='ocrx_word' id='word_1_19' title='bbox 211 712 347 776; x_wconf 74' lang='lat' dir='ltr'><strong>traditis.</strong></span> <span class='ocrx_word' id='word_1_20' title='bbox 1420 789 1421 796; x_wconf 8' lang='grc' dir='ltr'>ἵ</span> 
     </span>
     <span class='ocr_line' id='line_1_5' title="bbox 254 801 1421 901; baseline -0.003 -21"><span class='ocrx_word' id='word_1_21' title='bbox 254 817 419 898; x_wconf 80' lang='lat' dir='ltr'><strong>Vasingte</strong></span> <span class='ocrx_word' id='word_1_22' title='bbox 435 815 566 880; x_wconf 89' lang='lat' dir='ltr'><strong>interim</strong></span> <span class='ocrx_word' id='word_1_23' title='bbox 583 817 625 880; x_wconf 88' lang='lat' dir='ltr'><strong>ab</strong></span> <span class='ocrx_word' id='word_1_24' title='bbox 641 818 785 881; x_wconf 74' lang='lat' dir='ltr'><strong>exercite</strong></span> <span class='ocrx_word' id='word_1_25' title='bbox 802 817 938 880; x_wconf 91' lang='lat' dir='ltr'><strong>domum</strong></span> <span class='ocrx_word' id='word_1_26' title='bbox 954 818 1107 892; x_wconf 88' lang='lat' dir='ltr'>redierat,</span> <span class='ocrx_word' id='word_1_27' title='bbox 1124 815 1181 879; x_wconf 91' lang='lat' dir='ltr'><strong>ubi</strong></span> <span class='ocrx_word' id='word_1_28' title='bbox 1196 817 1232 879; x_wconf 92' lang='lat' dir='ltr'><strong>in</strong></span> <span class='ocrx_word' id='word_1_29' title='bbox 1249 822 1319 878; x_wconf 74' lang='lat' dir='ltr'><strong>me·</strong></span> <span class='ocrx_word' id='word_1_30' title='bbox 1351 877 1369 901; x_wconf 53' lang='lat'><em>,</em></span> <span class='ocrx_word' id='word_1_31' title='bbox 1420 801 1421 810; x_wconf 10' lang='grc' dir='ltr'>ἵ</span> 
     </span>
     <span class='ocr_line' id='line_1_6' title="bbox 187 920 1421 1003; baseline -0.003 -18"><span class='ocrx_word' id='word_1_32' title='bbox 187 921 400 986; x_wconf 74' lang='lat' dir='ltr'><strong>§trimenium</strong></span> <span class='ocrx_word' id='word_1_33' title='bbox 421 921 512 983; x_wconf 75' lang='lat' dir='ltr'><strong>dexit</strong></span> <span class='ocrx_word' id='word_1_34' title='bbox 532 927 718 983; x_wconf 79' lang='lat' dir='ltr'><strong>metreuam</strong></span> <span class='ocrx_word' id='word_1_35' title='bbox 737 922 915 1003; x_wconf 90' lang='lat' dir='ltr'><strong>quandam,</strong></span> <span class='ocrx_word' id='word_1_36' title='bbox 934 941 1019 1002; x_wconf 87' lang='lat' dir='ltr'><strong>quae</strong></span> <span class='ocrx_word' id='word_1_37' title='bbox 1038 923 1148 984; x_wconf 86' lang='lat' dir='ltr'><strong>Marta</strong></span> <span class='ocrx_word' id='word_1_38' title='bbox 1167 920 1318 1002; x_wconf 75' lang='lat' dir='ltr'><strong>appelle·</strong></span> <span class='ocrx_word' id='word_1_39' title='bbox 1420 991 1421 994; x_wconf 8' lang='grc' dir='ltr'><strong>Ἴ</strong></span> 
     </span>
     <span class='ocr_line' id='line_1_7' title="bbox 211 1024 1259 1106; baseline -0.001 -18"><span class='ocrx_word' id='word_1_40' title='bbox 211 1025 329 1101; x_wconf 79' lang='lat' dir='ltr'><strong>betur;</strong></span> <span class='ocrx_word' id='word_1_41' title='bbox 353 1034 423 1087; x_wconf 92' lang='lat' dir='ltr'><strong>tum</strong></span> <span class='ocrx_word' id='word_1_42' title='bbox 439 1031 547 1086; x_wconf 79' lang='lat' dir='ltr'><strong>annes</strong></span> <span class='ocrx_word' id='word_1_43' title='bbox 563 1032 688 1106; x_wconf 80' lang='lat' dir='ltr'><strong>pauces</strong></span> <span class='ocrx_word' id='word_1_44' title='bbox 704 1025 736 1087; x_wconf 93' lang='lat' dir='ltr'><strong>in</strong></span> <span class='ocrx_word' id='word_1_45' title='bbox 755 1024 892 1106; x_wconf 80' lang='lat' dir='ltr'><strong>praedie</strong></span> <span class='ocrx_word' id='word_1_46' title='bbox 908 1033 970 1088; x_wconf 84' lang='lat' dir='ltr'><strong>sue</strong></span> <span class='ocrx_word' id='word_1_47' title='bbox 985 1025 1107 1089; x_wconf 78' lang='lat' dir='ltr'><strong>mensit</strong></span> <span class='ocrx_word' id='word_1_48' title='bbox 1121 1025 1259 1088; x_wconf 79' lang='lat' dir='ltr'><strong>etiesus.</strong></span> 
     </span>
    </p>
   </div>
   <div class='ocr_carea' id='block_1_3' title="bbox 459 1271 1066 1497">
    <p class='ocr_par' dir='ltr' id='par_1_3' title="bbox 459 1271 1066 1497">
     <span class='ocr_line' id='line_1_8' title="bbox 633 1271 891 1350; baseline 0.004 -16"><span class='ocrx_word' id='word_1_49' title='bbox 633 1271 816 1336; x_wconf 90' lang='lat' dir='ltr'>LESSON</span> <span class='ocrx_word' id='word_1_50' title='bbox 850 1287 891 1350; x_wconf 87' lang='lat'><strong>34</strong></span> 
     </span>
     <span class='ocr_line' id='line_1_9' title="bbox 459 1415 1066 1497; baseline 0.002 -18"><span class='ocrx_word' id='word_1_51' title='bbox 459 1415 525 1480; x_wconf 81' lang='lat' dir='ltr'><strong>The</strong></span> <span class='ocrx_word' id='word_1_52' title='bbox 550 1415 715 1479; x_wconf 83' lang='lat' dir='ltr'><strong>Outbreak</strong></span> <span class='ocrx_word' id='word_1_53' title='bbox 737 1417 778 1497; x_wconf 83' lang='lat' dir='ltr'><strong>os</strong></span> <span class='ocrx_word' id='word_1_54' title='bbox 794 1416 847 1478; x_wconf 81' lang='lat' dir='ltr'><strong>tlte</strong></span> <span class='ocrx_word' id='word_1_55' title='bbox 869 1415 1066 1480; x_wconf 83' lang='lat' dir='ltr'><strong>Revolution</strong></span> 
     </span>
    </p>
   </div>
   <div class='ocr_carea' id='block_1_4' title="bbox 174 1569 1321 2800">
    <p class='ocr_par' dir='ltr' id='par_1_4' title="bbox 212 1569 1321 1861">
     <span class='ocr_line' id='line_1_10' title="bbox 257 1569 1319 1653; baseline 0 -18"><span class='ocrx_word' id='word_1_56' title='bbox 257 1571 356 1634; x_wconf 93' lang='lat' dir='ltr'><strong>Nunc</strong></span> <span class='ocrx_word' id='word_1_57' title='bbox 381 1569 462 1632; x_wconf 92' lang='lat' dir='ltr'><strong>mihi</strong></span> <span class='ocrx_word' id='word_1_58' title='bbox 489 1570 665 1632; x_wconf 81' lang='lat' dir='ltr'><strong>dicendum</strong></span> <span class='ocrx_word' id='word_1_59' title='bbox 692 1579 743 1632; x_wconf 91' lang='lat' dir='ltr'><strong>est</strong></span> <span class='ocrx_word' id='word_1_60' title='bbox 768 1571 810 1633; x_wconf 88' lang='lat' dir='ltr'><strong>de</strong></span> <span class='ocrx_word' id='word_1_61' title='bbox 835 1570 932 1646; x_wconf 79' lang='lat' dir='ltr'><strong>belle,</strong></span> <span class='ocrx_word' id='word_1_62' title='bbox 952 1570 1041 1652; x_wconf 92' lang='lat' dir='ltr'><strong>quod</strong></span> <span class='ocrx_word' id='word_1_63' title='bbox 1065 1571 1175 1634; x_wconf 71' lang='lat' dir='ltr'><strong>colent</strong></span> <span class='ocrx_word' id='word_1_64' title='bbox 1198 1581 1319 1653; x_wconf 76' lang='lat' dir='ltr'><strong>paucis</strong></span> 
     </span>
     <span class='ocr_line' id='line_1_11' title="bbox 212 1674 1321 1756; baseline -0.002 -18"><span class='ocrx_word' id='word_1_65' title='bbox 212 1684 289 1756; x_wconf 91' lang='lat' dir='ltr'><strong>post</strong></span> <span class='ocrx_word' id='word_1_66' title='bbox 304 1684 400 1737; x_wconf 79' lang='lat' dir='ltr'><strong>annis</strong></span> <span class='ocrx_word' id='word_1_67' title='bbox 424 1694 499 1736; x_wconf 90' lang='lat' dir='ltr'><strong>cum</strong></span> <span class='ocrx_word' id='word_1_68' title='bbox 525 1674 691 1736; x_wconf 83' lang='lat' dir='ltr'><strong>Britannis</strong></span> <span class='ocrx_word' id='word_1_69' title='bbox 713 1676 795 1755; x_wconf 84' lang='lat' dir='ltr'><strong>ipsis</strong></span> <span class='ocrx_word' id='word_1_70' title='bbox 819 1681 1004 1754; x_wconf 87' lang='lat' dir='ltr'><strong>gesserunt.</strong></span> <span class='ocrx_word' id='word_1_71' title='bbox 1054 1675 1120 1736; x_wconf 83' lang='lat' dir='ltr'><strong>Diu</strong></span> <span class='ocrx_word' id='word_1_72' title='bbox 1143 1681 1201 1736; x_wconf 86' lang='lat' dir='ltr'><strong>rex</strong></span> <span class='ocrx_word' id='word_1_73' title='bbox 1222 1683 1321 1738; x_wconf 75' lang='lat' dir='ltr'><strong>sene-</strong></span> 
     </span>
     <span class='ocr_line' id='line_1_12' title="bbox 212 1777 1319 1861; baseline 0 -19"><span class='ocrx_word' id='word_1_74' title='bbox 212 1789 332 1861; x_wconf 91' lang='lat' dir='ltr'><strong>tusque</strong></span> <span class='ocrx_word' id='word_1_75' title='bbox 349 1778 583 1841; x_wconf 80' lang='lat' dir='ltr'><strong>Britannerum</strong></span> <span class='ocrx_word' id='word_1_76' title='bbox 594 1784 613 1839; x_wconf 76' lang='lat' dir='ltr'><strong>e</strong></span> <span class='ocrx_word' id='word_1_77' title='bbox 626 1777 803 1858; x_wconf 78' lang='lat' dir='ltr'><strong>previnciis</strong></span> <span class='ocrx_word' id='word_1_78' title='bbox 815 1777 991 1858; x_wconf 75' lang='lat' dir='ltr'><strong>vectigelia</strong></span> <span class='ocrx_word' id='word_1_79' title='bbox 1004 1779 1167 1859; x_wconf 81' lang='lat' dir='ltr'>quaedam</span> <span class='ocrx_word' id='word_1_80' title='bbox 1181 1779 1319 1859; x_wconf 86' lang='lat' dir='ltr'><strong>exigere</strong></span> 
     </span>
    </p>

    <p class='ocr_par' dir='ltr' id='par_1_5' title="bbox 174 1880 1319 2800">
     <span class='ocr_line' id='line_1_13' title="bbox 174 1880 1319 1965; baseline 0.001 -20"><span class='ocrx_word' id='word_1_81' title='bbox 174 1909 203 1945; x_wconf 86' lang='grc' dir='ltr'><strong>ιο</strong></span> <span class='ocrx_word' id='word_1_82' title='bbox 212 1893 309 1946; x_wconf 90' lang='lat' dir='ltr'><strong>erant</strong></span> <span class='ocrx_word' id='word_1_83' title='bbox 330 1889 449 1957; x_wconf 77' lang='lat' dir='ltr'><strong>ceneri,</strong></span> <span class='ocrx_word' id='word_1_84' title='bbox 467 1891 529 1944; x_wconf 81' lang='lat' dir='ltr'><strong>etsi</strong></span> <span class='ocrx_word' id='word_1_85' title='bbox 554 1882 617 1944; x_wconf 91' lang='lat' dir='ltr'><strong>hae</strong></span> <span class='ocrx_word' id='word_1_86' title='bbox 637 1880 728 1962; x_wconf 85' lang='lat' dir='ltr'><strong>leges</strong></span> <span class='ocrx_word' id='word_1_87' title='bbox 747 1882 834 1944; x_wconf 75' lang='lat' dir='ltr'><strong>letae</strong></span> <span class='ocrx_word' id='word_1_88' title='bbox 852 1892 949 1945; x_wconf 88' lang='lat' dir='ltr'><strong>eraut</strong></span> <span class='ocrx_word' id='word_1_89' title='bbox 971 1882 1004 1943; x_wconf 91' lang='lat' dir='ltr'><strong>in</strong></span> <span class='ocrx_word' id='word_1_90' title='bbox 1029 1882 1179 1959; x_wconf 77' lang='lat' dir='ltr'><strong>concilie,</strong></span> <span class='ocrx_word' id='word_1_91' title='bbox 1195 1882 1231 1945; x_wconf 92' lang='lat' dir='ltr'><strong>in</strong></span> <span class='ocrx_word' id='word_1_92' title='bbox 1249 1891 1319 1965; x_wconf 77' lang='lat' dir='ltr'><strong>que</strong></span> 
     </span>
     <span class='ocr_line' id='line_1_14' title="bbox 213 1985 1319 2068; baseline 0.001 -18"><span class='ocrx_word' id='word_1_93' title='bbox 213 1987 410 2068; x_wconf 80' lang='lat' dir='ltr'><strong>suffregium</strong></span> <span class='ocrx_word' id='word_1_94' title='bbox 424 1987 512 2049; x_wconf 88' lang='lat' dir='ltr'><strong>ferre</strong></span> <span class='ocrx_word' id='word_1_95' title='bbox 525 1985 729 2048; x_wconf 77' lang='lat' dir='ltr'><strong>Americene</strong></span> <span class='ocrx_word' id='word_1_96' title='bbox 741 1987 824 2049; x_wconf 76' lang='lat' dir='ltr'><strong>nulli</strong></span> <span class='ocrx_word' id='word_1_97' title='bbox 835 1985 965 2050; x_wconf 89' lang='lat' dir='ltr'><strong>licebat.</strong></span> <span class='ocrx_word' id='word_1_98' title='bbox 1000 1987 1039 2049; x_wconf 93' lang='lat' dir='ltr'><strong>ld</strong></span> <span class='ocrx_word' id='word_1_99' title='bbox 1051 1987 1159 2049; x_wconf 73' lang='lat' dir='ltr'><strong>colent</strong></span> <span class='ocrx_word' id='word_1_100' title='bbox 1175 1987 1319 2051; x_wconf 75' lang='lat' dir='ltr'><strong>moleste</strong></span> 
     </span>
     <span class='ocr_line' id='line_1_15' title="bbox 212 2091 1318 2172; baseline -0.001 -17"><span class='ocrx_word' id='word_1_101' title='bbox 212 2092 386 2168; x_wconf 79' lang='lat' dir='ltr'><strong>ferebant3</strong></span> <span class='ocrx_word' id='word_1_102' title='bbox 411 2110 449 2153; x_wconf 90' lang='lat' dir='ltr'><strong>ac</strong></span> <span class='ocrx_word' id='word_1_103' title='bbox 466 2098 643 2172; x_wconf 82' lang='lat' dir='ltr'><strong>postreme,</strong></span> <span class='ocrx_word' id='word_1_104' title='bbox 662 2111 737 2154; x_wconf 92' lang='lat' dir='ltr'><strong>cum</strong></span> <span class='ocrx_word' id='word_1_105' title='bbox 756 2091 821 2154; x_wconf 87' lang='lat' dir='ltr'><strong>iam</strong></span> <span class='ocrx_word' id='word_1_106' title='bbox 838 2099 933 2154; x_wconf 89' lang='lat' dir='ltr'><strong>tanta</strong></span> <span class='ocrx_word' id='word_1_107' title='bbox 955 2091 1075 2154; x_wconf 70' lang='lat' dir='ltr'><strong>inieria</strong></span> <span class='ocrx_word' id='word_1_108' title='bbox 1098 2099 1165 2154; x_wconf 79' lang='lat' dir='ltr'><strong>nen</strong></span> <span class='ocrx_word' id='word_1_109' title='bbox 1189 2091 1318 2154; x_wconf 76' lang='lat' dir='ltr'><strong>diritius</strong></span> 
     </span>
     <span class='ocr_line' id='line_1_16' title="bbox 213 2196 1319 2279; baseline -0.001 -20"><span class='ocrx_word' id='word_1_110' title='bbox 213 2196 353 2260; x_wconf 83' lang='lat' dir='ltr'><strong>ferenda</strong></span> <span class='ocrx_word' id='word_1_111' title='bbox 365 2197 540 2272; x_wconf 89' lang='lat' dir='ltr'><strong>videretur,</strong></span> <span class='ocrx_word' id='word_1_112' title='bbox 554 2197 708 2260; x_wconf 92' lang='lat' dir='ltr'><strong>omnibus</strong></span> <span class='ocrx_word' id='word_1_113' title='bbox 718 2217 759 2260; x_wconf 87' lang='lat' dir='ltr'><strong>ex</strong></span> <span class='ocrx_word' id='word_1_114' title='bbox 770 2198 948 2279; x_wconf 83' lang='lat' dir='ltr'><strong>previnciis</strong></span> <span class='ocrx_word' id='word_1_115' title='bbox 961 2197 994 2259; x_wconf 93' lang='lat' dir='ltr'><strong>in</strong></span> <span class='ocrx_word' id='word_1_116' title='bbox 1008 2205 1110 2259; x_wconf 81' lang='lat' dir='ltr'><strong>finum</strong></span> <span class='ocrx_word' id='word_1_117' title='bbox 1128 2197 1238 2260; x_wconf 90' lang='lat' dir='ltr'><strong>locum</strong></span> <span class='ocrx_word' id='word_1_118' title='bbox 1253 2197 1319 2258; x_wconf 90' lang='lat' dir='ltr'><strong>viri</strong></span> 
     </span>
     <span class='ocr_line' id='line_1_17' title="bbox 213 2297 1318 2384; baseline 0 -22"><span class='ocrx_word' id='word_1_119' title='bbox 213 2297 341 2376; x_wconf 87' lang='lat' dir='ltr'><strong>delecti,</strong></span> <span class='ocrx_word' id='word_1_120' title='bbox 359 2301 391 2362; x_wconf 94' lang='lat' dir='ltr'><strong>in</strong></span> <span class='ocrx_word' id='word_1_121' title='bbox 413 2309 460 2364; x_wconf 85' lang='lat' dir='ltr'><strong>eis</strong></span> <span class='ocrx_word' id='word_1_122' title='bbox 475 2301 649 2383; x_wconf 81' lang='lat' dir='ltr'><strong>Vasingte,</strong></span> <span class='ocrx_word' id='word_1_123' title='bbox 667 2304 709 2365; x_wconf 91' lang='lat' dir='ltr'><strong>ad</strong></span> <span class='ocrx_word' id='word_1_124' title='bbox 726 2302 898 2366; x_wconf 80' lang='lat' dir='ltr'><strong>censilium</strong></span> <span class='ocrx_word' id='word_1_125' title='bbox 916 2310 1093 2366; x_wconf 72' lang='lat' dir='ltr'><strong>commeme</strong></span> <span class='ocrx_word' id='word_1_126' title='bbox 1114 2300 1318 2384; x_wconf 90' lang='lat' dir='ltr'><strong>capiendum</strong></span> 
     </span>
     <span class='ocr_line' id='line_1_18' title="bbox 175 2406 1318 2486; baseline 0.003 -22"><span class='ocrx_word' id='word_1_127' title='bbox 175 2412 387 2479; x_wconf 74' lang='lat' dir='ltr'><strong>rsconvoceti</strong></span> <span class='ocrx_word' id='word_1_128' title='bbox 416 2415 503 2470; x_wconf 91' lang='lat' dir='ltr'><strong>sunt.</strong></span> <span class='ocrx_word' id='word_1_129' title='bbox 566 2407 622 2483; x_wconf 88' lang='lat' dir='ltr'><strong>Hi,</strong></span> <span class='ocrx_word' id='word_1_130' title='bbox 650 2407 791 2470; x_wconf 79' lang='lat' dir='ltr'><strong>coucilie</strong></span> <span class='ocrx_word' id='word_1_131' title='bbox 816 2406 938 2482; x_wconf 81' lang='lat' dir='ltr'><strong>habite,</strong></span> <span class='ocrx_word' id='word_1_132' title='bbox 967 2406 1093 2470; x_wconf 70' lang='lat' dir='ltr'><strong>litteris</strong></span> <span class='ocrx_word' id='word_1_133' title='bbox 1125 2407 1168 2469; x_wconf 89' lang='lat' dir='ltr'><strong>ad</strong></span> <span class='ocrx_word' id='word_1_134' title='bbox 1201 2413 1318 2486; x_wconf 87' lang='lat' dir='ltr'><strong>regem</strong></span> 
     </span>
     <span class='ocr_line' id='line_1_19' title="bbox 215 2509 1319 2593; baseline 0.001 -22"><span class='ocrx_word' id='word_1_135' title='bbox 215 2509 449 2572; x_wconf 78' lang='lat' dir='ltr'><strong>Britannerum</strong></span> <span class='ocrx_word' id='word_1_136' title='bbox 467 2517 636 2587; x_wconf 87' lang='lat' dir='ltr'><strong>miserunt,</strong></span> <span class='ocrx_word' id='word_1_137' title='bbox 653 2510 773 2593; x_wconf 92' lang='lat' dir='ltr'><strong>quibus</strong></span> <span class='ocrx_word' id='word_1_138' title='bbox 798 2510 1011 2593; x_wconf 78' lang='lat' dir='ltr'><strong>postulebant</strong></span> <span class='ocrx_word' id='word_1_139' title='bbox 1035 2520 1071 2573; x_wconf 93' lang='lat' dir='ltr'><strong>ut</strong></span> <span class='ocrx_word' id='word_1_140' title='bbox 1093 2511 1219 2573; x_wconf 79' lang='lat' dir='ltr'><strong>colenis</strong></span> <span class='ocrx_word' id='word_1_141' title='bbox 1242 2511 1319 2572; x_wconf 79' lang='lat' dir='ltr'><strong>isrra</strong></span> 
     </span>
     <span class='ocr_line' id='line_1_20' title="bbox 213 2599 1316 2697; baseline 0.003 -22"><span class='ocrx_word' id='word_1_142' title='bbox 213 2599 330 2676; x_wconf 80' lang='lat' dir='ltr'><strong>eadem</strong></span> <span class='ocrx_word' id='word_1_143' title='bbox 356 2615 626 2692; x_wconf 66' lang='lat' dir='ltr'><strong>concederentur,</strong></span> <span class='ocrx_word' id='word_1_144' title='bbox 644 2635 730 2697; x_wconf 89' lang='lat' dir='ltr'><strong>quae</strong></span> <span class='ocrx_word' id='word_1_145' title='bbox 753 2616 842 2678; x_wconf 84' lang='lat' dir='ltr'><strong>domi</strong></span> <span class='ocrx_word' id='word_1_146' title='bbox 865 2622 953 2678; x_wconf 88' lang='lat' dir='ltr'><strong>cives</strong></span> <span class='ocrx_word' id='word_1_147' title='bbox 969 2614 1089 2696; x_wconf 88' lang='lat' dir='ltr'><strong>reliqui</strong></span> <span class='ocrx_word' id='word_1_148' title='bbox 1109 2614 1316 2678; x_wconf 88' lang='lat' dir='ltr'><strong>obtinebant.</strong></span> 
     </span>
     <span class='ocr_line' id='line_1_21' title="bbox 215 2716 1318 2800; baseline 0.001 -21"><span class='ocrx_word' id='word_1_149' title='bbox 215 2716 345 2799; x_wconf 83' lang='lat' dir='ltr'><strong>Quibus</strong></span> <span class='ocrx_word' id='word_1_150' title='bbox 357 2717 473 2780; x_wconf 83' lang='lat' dir='ltr'><strong>litteris</strong></span> <span class='ocrx_word' id='word_1_151' title='bbox 490 2729 644 2800; x_wconf 79' lang='lat' dir='ltr'><strong>acceptis,</strong></span> <span class='ocrx_word' id='word_1_152' title='bbox 656 2727 712 2782; x_wconf 89' lang='lat' dir='ltr'><strong>rex</strong></span> <span class='ocrx_word' id='word_1_153' title='bbox 723 2726 827 2782; x_wconf 79' lang='lat' dir='ltr'><strong>iretus</strong></span> <span class='ocrx_word' id='word_1_154' title='bbox 838 2726 904 2781; x_wconf 79' lang='lat' dir='ltr'><strong>nen</strong></span> <span class='ocrx_word' id='word_1_155' title='bbox 921 2718 1028 2782; x_wconf 79' lang='lat' dir='ltr'><strong>selum</strong></span> <span class='ocrx_word' id='word_1_156' title='bbox 1045 2718 1117 2781; x_wconf 71' lang='lat' dir='ltr'><strong>iera</strong></span> <span class='ocrx_word' id='word_1_157' title='bbox 1133 2717 1318 2781; x_wconf 76' lang='lat' dir='ltr'><strong>concedere</strong></span> 
     </span>
    </p>
   </div>
   <div class='ocr_carea' id='block_1_5' title="bbox 213 2881 1321 3922">
    <p class='ocr_par' dir='ltr' id='par_1_6' title="bbox 276 2881 1318 2948">
     <span class='ocr_line' id='line_1_22' title="bbox 276 2881 1318 2948; baseline 0.001 -15"><span class='ocrx_word' id='word_1_158' title='bbox 276 2899 299 2933; x_wconf 89' lang='lat'><strong>1.</strong></span> <span class='ocrx_word' id='word_1_159' title='bbox 323 2883 475 2947; x_wconf 85' lang='lat' dir='ltr'><strong>petierunt:</strong></span> <span class='ocrx_word' id='word_1_160' title='bbox 506 2884 549 2936; x_wconf 69' lang='lat' dir='ltr'><strong>ie.</strong></span> <span class='ocrx_word' id='word_1_161' title='bbox 570 2886 735 2948; x_wconf 81' lang='lat' dir='ltr'><strong>petiverunt.</strong></span> <span class='ocrx_word' id='word_1_162' title='bbox 834 2901 873 2947; x_wconf 82' lang='lat'><strong>13.</strong></span> <span class='ocrx_word' id='word_1_163' title='bbox 896 2881 1167 2948; x_wconf 77' lang='lat' dir='ltr'><strong>ferenda:bearable‚·</strong></span> <span class='ocrx_word' id='word_1_164' title='bbox 1175 2881 1215 2935; x_wconf 88' lang='lat' dir='ltr'><strong>lit.</strong></span> <span class='ocrx_word' id='word_1_165' title='bbox 1225 2881 1318 2935; x_wconf 87' lang='lat' dir='ltr'><strong>what?</strong></span> 
     </span>
    </p>

    <p class='ocr_par' dir='ltr' id='par_1_7' title="bbox 213 2962 1319 3116">
     <span class='ocr_line' id='line_1_23' title="bbox 213 2962 1319 3032; baseline 0 -18"><span class='ocrx_word' id='word_1_166' title='bbox 213 2977 350 3027; x_wconf 76' lang='lat' dir='ltr'><strong>—quamz</strong></span> <span class='ocrx_word' id='word_1_167' title='bbox 366 2962 421 3015; x_wconf 79' lang='lat' dir='ltr'><strong>this</strong></span> <span class='ocrx_word' id='word_1_168' title='bbox 436 2963 549 3032; x_wconf 89' lang='lat' dir='ltr'><strong>(noun).</strong></span> <span class='ocrx_word' id='word_1_169' title='bbox 789 2965 862 3016; x_wconf 83' lang='lat' dir='ltr'><strong>—ln</strong></span> <span class='ocrx_word' id='word_1_170' title='bbox 874 2968 957 3017; x_wconf 75' lang='lat' dir='ltr'><strong>enum</strong></span> <span class='ocrx_word' id='word_1_171' title='bbox 974 2967 1078 3016; x_wconf 88' lang='lat' dir='ltr'><strong>locum:</strong></span> <span class='ocrx_word' id='word_1_172' title='bbox 1098 2962 1162 3016; x_wconf 90' lang='lat' dir='ltr'><strong>with</strong></span> <span class='ocrx_word' id='word_1_173' title='bbox 1175 2965 1319 3016; x_wconf 75' lang='lat' dir='ltr'><strong>convociti</strong></span> 
     </span>
     <span class='ocr_line' id='line_1_24' title="bbox 276 3043 965 3116; baseline 0.003 -22"><span class='ocrx_word' id='word_1_174' title='bbox 276 3061 299 3094; x_wconf 87' lang='lat'><strong>2.</strong></span> <span class='ocrx_word' id='word_1_175' title='bbox 324 3046 417 3110; x_wconf 81' lang='lat' dir='ltr'><strong>adepti</strong></span> <span class='ocrx_word' id='word_1_176' title='bbox 428 3047 508 3096; x_wconf 84' lang='lat' dir='ltr'><strong>sunt:</strong></span> <span class='ocrx_word' id='word_1_177' title='bbox 523 3043 556 3098; x_wconf 89' lang='lat' dir='ltr'><strong>cf.</strong></span> <span class='ocrx_word' id='word_1_178' title='bbox 567 3045 614 3098; x_wconf 88' lang='lat' dir='ltr'><strong>the</strong></span> <span class='ocrx_word' id='word_1_179' title='bbox 625 3054 690 3099; x_wconf 86' lang='lat' dir='ltr'><strong>note</strong></span> <span class='ocrx_word' id='word_1_180' title='bbox 702 3062 739 3099; x_wconf 92' lang='lat' dir='ltr'><strong>on</strong></span> <span class='ocrx_word' id='word_1_181' title='bbox 791 3048 863 3110; x_wconf 80' lang='lat' dir='ltr'><strong>sunt,</strong></span> <span class='ocrx_word' id='word_1_182' title='bbox 882 3044 902 3098; x_wconf 91' lang='lat' dir='ltr'><strong>l.</strong></span> <span class='ocrx_word' id='word_1_183' title='bbox 925 3059 935 3098; x_wconf 91' lang='lat'>1</span> <span class='ocrx_word' id='word_1_184' title='bbox 941 3059 965 3116; x_wconf 80' lang='grc' dir='ltr'><strong>ς.</strong></span> 
     </span>
    </p>

    <p class='ocr_par' dir='ltr' id='par_1_8' title="bbox 215 3123 1319 3276">
     <span class='ocr_line' id='line_1_25' title="bbox 215 3123 1317 3194; baseline 0.001 -18"><span class='ocrx_word' id='word_1_185' title='bbox 215 3142 240 3192; x_wconf 90' lang='lat' dir='ltr'><strong>p.</strong></span> <span class='ocrx_word' id='word_1_186' title='bbox 254 3138 295 3192; x_wconf 86' lang='lat'><strong>37,</strong></span> <span class='ocrx_word' id='word_1_187' title='bbox 309 3123 326 3176; x_wconf 91' lang='lat' dir='ltr'><strong>l.</strong></span> <span class='ocrx_word' id='word_1_188' title='bbox 339 3125 574 3178; x_wconf 85' lang='lat' dir='ltr'><strong>8.-Britannis:</strong></span> <span class='ocrx_word' id='word_1_189' title='bbox 595 3125 652 3179; x_wconf 89' lang='lat' dir='ltr'><strong>dat.</strong></span> <span class='ocrx_word' id='word_1_190' title='bbox 667 3139 739 3179; x_wconf 85' lang='lat' dir='ltr'><strong>case.¹</strong></span> <span class='ocrx_word' id='word_1_191' title='bbox 836 3144 875 3189; x_wconf 87' lang='lat'><strong>14.</strong></span> <span class='ocrx_word' id='word_1_192' title='bbox 901 3127 929 3177; x_wconf 89' lang='lat' dir='ltr'><strong>in</strong></span> <span class='ocrx_word' id='word_1_193' title='bbox 950 3129 1006 3178; x_wconf 83' lang='lat' dir='ltr'><strong>eis:</strong></span> <span class='ocrx_word' id='word_1_194' title='bbox 1027 3125 1062 3180; x_wconf 87' lang='lat' dir='ltr'><strong>cf.</strong></span> <span class='ocrx_word' id='word_1_195' title='bbox 1085 3126 1122 3192; x_wconf 90' lang='lat' dir='ltr'><strong>in,</strong></span> <span class='ocrx_word' id='word_1_196' title='bbox 1140 3143 1168 3194; x_wconf 92' lang='lat' dir='ltr'><strong>p.</strong></span> <span class='ocrx_word' id='word_1_197' title='bbox 1187 3123 1230 3192; x_wconf 87' lang='lat'><strong>26,</strong></span> <span class='ocrx_word' id='word_1_198' title='bbox 1251 3125 1269 3178; x_wconf 92' lang='lat' dir='ltr'><strong>l.</strong></span> <span class='ocrx_word' id='word_1_199' title='bbox 1292 3138 1317 3192; x_wconf 89' lang='lat'><strong>7.</strong></span> 
     </span>
     <span class='ocr_line' id='line_1_26' title="bbox 275 3205 1319 3276; baseline 0.001 -20"><span class='ocrx_word' id='word_1_200' title='bbox 275 3211 298 3257; x_wconf 81' lang='lat'><strong>6.</strong></span> <span class='ocrx_word' id='word_1_201' title='bbox 324 3206 441 3258; x_wconf 79' lang='lat' dir='ltr'><strong>etiesus:</strong></span> <span class='ocrx_word' id='word_1_202' title='bbox 474 3205 606 3260; x_wconf 83' lang='lat' dir='ltr'><strong>translate</strong></span> <span class='ocrx_word' id='word_1_203' title='bbox 630 3205 667 3276; x_wconf 92' lang='lat' dir='ltr'><strong>by</strong></span> <span class='ocrx_word' id='word_1_204' title='bbox 691 3223 740 3259; x_wconf 90' lang='lat' dir='ltr'><strong>an·</strong></span> <span class='ocrx_word' id='word_1_205' title='bbox 788 3207 975 3260; x_wconf 79' lang='lat' dir='ltr'><strong>-censilium</strong></span> <span class='ocrx_word' id='word_1_206' title='bbox 998 3245 1004 3259; x_wconf 94' lang='lat'>.</span> <span class='ocrx_word' id='word_1_207' title='bbox 1029 3246 1035 3260; x_wconf 88' lang='lat'><strong>.</strong></span> <span class='ocrx_word' id='word_1_208' title='bbox 1061 3245 1068 3258; x_wconf 91' lang='lat'><strong>.</strong></span> <span class='ocrx_word' id='word_1_209' title='bbox 1092 3206 1220 3259; x_wconf 78' lang='lat' dir='ltr'><strong>concilie:</strong></span> <span class='ocrx_word' id='word_1_210' title='bbox 1253 3222 1319 3260; x_wconf 90' lang='lat' dir='ltr'><strong>con-</strong></span> 
     </span>
    </p>

    <p class='ocr_par' dir='ltr' id='par_1_9' title="bbox 215 3285 1318 3436">
     <span class='ocr_line' id='line_1_27' title="bbox 215 3285 1318 3358; baseline -0.001 -19"><span class='ocrx_word' id='word_1_211' title='bbox 215 3285 295 3339; x_wconf 89' lang='lat' dir='ltr'><strong>other</strong></span> <span class='ocrx_word' id='word_1_212' title='bbox 306 3293 367 3354; x_wconf 88' lang='lat' dir='ltr'><strong>part</strong></span> <span class='ocrx_word' id='word_1_213' title='bbox 380 3285 411 3340; x_wconf 85' lang='lat' dir='ltr'><strong>of</strong></span> <span class='ocrx_word' id='word_1_214' title='bbox 422 3286 532 3355; x_wconf 87' lang='lat' dir='ltr'><strong>speech.</strong></span> <span class='ocrx_word' id='word_1_215' title='bbox 564 3305 569 3312; x_wconf 94' lang='lat'>·</span> <span class='ocrx_word' id='word_1_216' title='bbox 791 3296 858 3342; x_wconf 89' lang='lat' dir='ltr'><strong>trast</strong></span> <span class='ocrx_word' id='word_1_217' title='bbox 888 3286 935 3340; x_wconf 89' lang='lat' dir='ltr'><strong>the</strong></span> <span class='ocrx_word' id='word_1_218' title='bbox 967 3287 1096 3358; x_wconf 88' lang='lat' dir='ltr'><strong>meaning</strong></span> <span class='ocrx_word' id='word_1_219' title='bbox 1126 3285 1159 3341; x_wconf 87' lang='lat' dir='ltr'><strong>of</strong></span> <span class='ocrx_word' id='word_1_220' title='bbox 1185 3286 1233 3342; x_wconf 87' lang='lat' dir='ltr'><strong>the</strong></span> <span class='ocrx_word' id='word_1_221' title='bbox 1263 3295 1318 3339; x_wconf 86' lang='lat' dir='ltr'><strong>two</strong></span> 
     </span>
     <span class='ocr_line' id='line_1_28' title="bbox 275 3368 888 3436; baseline 0.002 -18"><span class='ocrx_word' id='word_1_222' title='bbox 275 3384 299 3430; x_wconf 87' lang='lat'><strong>9.</strong></span> <span class='ocrx_word' id='word_1_223' title='bbox 324 3369 484 3432; x_wconf 79' lang='lat' dir='ltr'><strong>vectigelia:</strong></span> <span class='ocrx_word' id='word_1_224' title='bbox 498 3369 655 3435; x_wconf 75' lang='lat' dir='ltr'><strong>vectigalia,</strong></span> <span class='ocrx_word' id='word_1_225' title='bbox 664 3370 739 3436; x_wconf 69' lang='lat' dir='ltr'><strong>ium,</strong></span> <span class='ocrx_word' id='word_1_226' title='bbox 790 3368 888 3422; x_wconf 89' lang='lat' dir='ltr'><strong>words.</strong></span> 
     </span>
    </p>

    <p class='ocr_par' dir='ltr' id='par_1_10' title="bbox 214 3445 1321 3598">
     <span class='ocr_line' id='line_1_29' title="bbox 214 3445 1321 3515; baseline -0.001 -15"><span class='ocrx_word' id='word_1_227' title='bbox 214 3461 255 3515; x_wconf 66' lang='lat' dir='ltr'><strong>rt,</strong></span> <span class='ocrx_word' id='word_1_228' title='bbox 272 3453 357 3500; x_wconf 79' lang='lat' dir='ltr'><strong>taxes.</strong></span> <span class='ocrx_word' id='word_1_229' title='bbox 836 3465 875 3513; x_wconf 78' lang='lat'><strong>15.</strong></span> <span class='ocrx_word' id='word_1_230' title='bbox 899 3451 1024 3503; x_wconf 76' lang='lat' dir='ltr'><strong>litteresz</strong></span> <span class='ocrx_word' id='word_1_231' title='bbox 1055 3448 1097 3502; x_wconf 84' lang='lat' dir='ltr'><strong>for</strong></span> <span class='ocrx_word' id='word_1_232' title='bbox 1121 3448 1168 3503; x_wconf 90' lang='lat' dir='ltr'><strong>the</strong></span> <span class='ocrx_word' id='word_1_233' title='bbox 1192 3447 1266 3502; x_wconf 85' lang='lat' dir='ltr'><strong>force</strong></span> <span class='ocrx_word' id='word_1_234' title='bbox 1290 3445 1321 3500; x_wconf 84' lang='lat' dir='ltr'><strong>of</strong></span> 
     </span>
     <span class='ocr_line' id='line_1_30' title="bbox 261 3529 1186 3598; baseline 0.003 -19"><span class='ocrx_word' id='word_1_235' title='bbox 261 3546 299 3579; x_wconf 78' lang='grc' dir='ltr'><strong>ιο.</strong></span> <span class='ocrx_word' id='word_1_236' title='bbox 323 3530 413 3593; x_wconf 83' lang='lat' dir='ltr'><strong>leges:</strong></span> <span class='ocrx_word' id='word_1_237' title='bbox 433 3530 485 3596; x_wconf 82' lang='lat' dir='ltr'><strong>lex,</strong></span> <span class='ocrx_word' id='word_1_238' title='bbox 504 3531 582 3597; x_wconf 82' lang='lat' dir='ltr'><strong>legis,</strong></span> <span class='ocrx_word' id='word_1_239' title='bbox 601 3542 639 3597; x_wconf 64' lang='lat' dir='ltr'><strong>r„</strong></span> <span class='ocrx_word' id='word_1_240' title='bbox 655 3547 740 3583; x_wconf 80' lang='lat' dir='ltr'><strong>meas·</strong></span> <span class='ocrx_word' id='word_1_241' title='bbox 791 3530 839 3584; x_wconf 92' lang='lat' dir='ltr'><strong>the</strong></span> <span class='ocrx_word' id='word_1_242' title='bbox 851 3529 945 3598; x_wconf 88' lang='lat' dir='ltr'><strong>plural,</strong></span> <span class='ocrx_word' id='word_1_243' title='bbox 959 3547 1005 3584; x_wconf 91' lang='lat' dir='ltr'><strong>see</strong></span> <span class='ocrx_word' id='word_1_244' title='bbox 1018 3530 1065 3583; x_wconf 88' lang='lat' dir='ltr'><strong>the</strong></span> <span class='ocrx_word' id='word_1_245' title='bbox 1078 3530 1186 3584; x_wconf 88' lang='lat' dir='ltr'><strong>Vocab.</strong></span> 
     </span>
    </p>

    <p class='ocr_par' dir='ltr' id='par_1_11' title="bbox 214 3608 1317 3755">
     <span class='ocr_line' id='line_1_31' title="bbox 214 3608 1317 3679; baseline 0 -17"><span class='ocrx_word' id='word_1_246' title='bbox 214 3626 273 3676; x_wconf 79' lang='lat' dir='ltr'><strong>ure,</strong></span> <span class='ocrx_word' id='word_1_247' title='bbox 286 3626 319 3664; x_wconf 90' lang='lat' dir='ltr'><strong>or</strong></span> <span class='ocrx_word' id='word_1_248' title='bbox 331 3608 395 3663; x_wconf 85' lang='lat' dir='ltr'><strong>law.</strong></span> <span class='ocrx_word' id='word_1_249' title='bbox 838 3617 875 3663; x_wconf 77' lang='grc' dir='ltr'><strong>ιο.</strong></span> <span class='ocrx_word' id='word_1_250' title='bbox 900 3613 1014 3676; x_wconf 87' lang='lat' dir='ltr'><strong>quibus:</strong></span> <span class='ocrx_word' id='word_1_251' title='bbox 1034 3613 1065 3664; x_wconf 84' lang='lat' dir='ltr'><strong>in</strong></span> <span class='ocrx_word' id='word_1_252' title='bbox 1077 3610 1185 3675; x_wconf 74' lang='lat' dir='ltr'><strong>which3</strong></span> <span class='ocrx_word' id='word_1_253' title='bbox 1204 3608 1317 3679; x_wconf 85' lang='lat' dir='ltr'><strong>strictly,</strong></span> 
     </span>
     <span class='ocr_line' id='line_1_32' title="bbox 261 3690 1005 3755; baseline 0.004 -13"><span class='ocrx_word' id='word_1_254' title='bbox 261 3708 299 3742; x_wconf 87' lang='lat'><strong>11.</strong></span> <span class='ocrx_word' id='word_1_255' title='bbox 325 3692 483 3755; x_wconf 78' lang='lat' dir='ltr'><strong>sufiregium</strong></span> <span class='ocrx_word' id='word_1_256' title='bbox 512 3690 597 3744; x_wconf 84' lang='lat' dir='ltr'><strong>ferre:</strong></span> <span class='ocrx_word' id='word_1_257' title='bbox 635 3697 693 3744; x_wconf 86' lang='lat' dir='ltr'><strong>cast</strong></span> <span class='ocrx_word' id='word_1_258' title='bbox 722 3709 740 3744; x_wconf 90' lang='lat' dir='ltr'><strong>a</strong></span> <span class='ocrx_word' id='word_1_259' title='bbox 791 3691 844 3745; x_wconf 92' lang='lat' dir='ltr'><strong>abl.</strong></span> <span class='ocrx_word' id='word_1_260' title='bbox 859 3690 890 3745; x_wconf 83' lang='lat' dir='ltr'><strong>os</strong></span> <span class='ocrx_word' id='word_1_261' title='bbox 899 3708 1005 3745; x_wconf 88' lang='lat' dir='ltr'><strong>means.</strong></span> 
     </span>
    </p>

    <p class='ocr_par' dir='ltr' id='par_1_12' title="bbox 215 3770 1318 3843">
     <span class='ocr_line' id='line_1_33' title="bbox 215 3770 1318 3843; baseline 0 -20"><span class='ocrx_word' id='word_1_262' title='bbox 215 3777 276 3824; x_wconf 79' lang='lat' dir='ltr'><strong>vote</strong></span> <span class='ocrx_word' id='word_1_263' title='bbox 291 3770 665 3843; x_wconf 56' lang='lat' dir='ltr'><strong>(austrinum-1,n.).—id:</strong></span> <span class='ocrx_word' id='word_1_264' title='bbox 684 3771 742 3824; x_wconf 78' lang='lat' dir='ltr'><strong>this</strong></span> <span class='ocrx_word' id='word_1_265' title='bbox 838 3788 877 3836; x_wconf 87' lang='lat'><strong>¹7·</strong></span> <span class='ocrx_word' id='word_1_266' title='bbox 902 3773 1078 3826; x_wconf 84' lang='lat' dir='ltr'><strong>obtinebant:</strong></span> <span class='ocrx_word' id='word_1_267' title='bbox 1133 3771 1226 3843; x_wconf 87' lang='lat' dir='ltr'><strong>freely,</strong></span> <span class='ocrx_word' id='word_1_268' title='bbox 1259 3787 1318 3823; x_wconf 82' lang='lat' dir='ltr'><strong>-en-</strong></span> 
     </span>
    </p>

    <p class='ocr_par' dir='ltr' id='par_1_13' title="bbox 219 3850 881 3922">
     <span class='ocr_line' id='line_1_34' title="bbox 219 3850 881 3922; baseline 0 -19"><span class='ocrx_word' id='word_1_269' title='bbox 219 3850 350 3922; x_wconf 82' lang='lat' dir='ltr'><strong>(stateof</strong></span> <span class='ocrx_word' id='word_1_270' title='bbox 355 3851 485 3922; x_wconf 86' lang='lat' dir='ltr'><strong>affairs).</strong></span> <span class='ocrx_word' id='word_1_271' title='bbox 787 3851 881 3922; x_wconf 82' lang='lat' dir='ltr'><strong>joyed.</strong></span> 
     </span>
    </p>
   </div>
   <div class='ocr_carea' id='block_1_6' title="bbox 0 0 1447 4286">
    <p class='ocr_par' dir='ltr' id='par_1_14' title="bbox 0 0 1447 4286">
     <span class='ocr_line' id='line_1_35' title="bbox 0 0 1447 4286; baseline 0 0"><span class='ocrx_word' id='word_1_272' title='bbox 0 0 1447 4286; x_wconf 95' lang='lat' dir='ltr'><strong> </strong></span> 
     </span>
    </p>
   </div>
  </div>
 </body>
</html>
