<?xml version="1.0" encoding="UTF-8"?>
<!DOCTYPE html PUBLIC "-//W3C//DTD XHTML 1.0 Transitional//EN"
    "http://www.w3.org/TR/xhtml1/DTD/xhtml1-transitional.dtd">
<html xmlns="http://www.w3.org/1999/xhtml" xml:lang="en" lang="en">
 <head>
  <title>
</title>
<meta http-equiv="Content-Type" content="text/html;charset=utf-8" />
  <meta name='ocr-system' content='tesseract 3.04.00' />
  <meta name='ocr-capabilities' content='ocr_page ocr_carea ocr_par ocr_line ocrx_word'/>
</head>
<body>
  <div class='ocr_page' id='page_1' title='image "./afirstlatinread01nuttgoog_0123.png"; bbox 0 0 2920 4296; ppageno 0'>
   <div class='ocr_carea' id='block_1_1' title="bbox 191 271 968 334">
    <p class='ocr_par' dir='ltr' id='par_1_1' title="bbox 191 271 968 334">
     <span class='ocr_line' id='line_1_1' title="bbox 191 271 968 334; baseline -0.003 -2"><span class='ocrx_word' id='word_1_1' title='bbox 191 289 251 334; x_wconf 92' lang='lat'>110</span> <span class='ocrx_word' id='word_1_2' title='bbox 513 271 627 330; x_wconf 88' lang='lat' dir='ltr'><strong>FIRST</strong></span> <span class='ocrx_word' id='word_1_3' title='bbox 652 273 777 332; x_wconf 84' lang='lat' dir='ltr'>LATIN</span> <span class='ocrx_word' id='word_1_4' title='bbox 802 271 968 330; x_wconf 84' lang='lat' dir='ltr'><strong>READER</strong></span> 
     </span>
    </p>
   </div>
   <div class='ocr_carea' id='block_1_2' title="bbox 188 452 1301 620">
    <p class='ocr_par' dir='ltr' id='par_1_2' title="bbox 188 452 1301 620">
     <span class='ocr_line' id='line_1_2' title="bbox 189 452 1301 536; baseline 0 -20"><span class='ocrx_word' id='word_1_5' title='bbox 189 471 273 527; x_wconf 88' lang='lat' dir='ltr'>esse,</span> <span class='ocrx_word' id='word_1_6' title='bbox 295 471 496 535; x_wconf 88' lang='lat' dir='ltr'>quamquam</span> <span class='ocrx_word' id='word_1_7' title='bbox 521 459 619 517; x_wconf 73' lang='lat' dir='ltr'>antea</span> <span class='ocrx_word' id='word_1_8' title='bbox 643 461 908 536; x_wconf 76' lang='lat' dir='ltr'>omnitempore</span> <span class='ocrx_word' id='word_1_9' title='bbox 931 460 1011 517; x_wconf 85' lang='lat' dir='ltr'>anni</span> <span class='ocrx_word' id='word_1_10' title='bbox 1034 452 1168 518; x_wconf 76' lang='lat' dir='ltr'>fiberius</span> <span class='ocrx_word' id='word_1_11' title='bbox 1192 452 1301 517; x_wconf 89' lang='lat' dir='ltr'>fluere</span> 
     </span>
     <span class='ocr_line' id='line_1_3' title="bbox 188 563 414 620; baseline 0.004 -1"><span class='ocrx_word' id='word_1_12' title='bbox 188 563 414 620; x_wconf 75' lang='lat' dir='ltr'>consueverat.</span> 
     </span>
    </p>
   </div>
   <div class='ocr_carea' id='block_1_3' title="bbox 614 767 867 850">
    <p class='ocr_par' dir='ltr' id='par_1_3' title="bbox 614 767 867 850">
     <span class='ocr_line' id='line_1_4' title="bbox 614 767 867 850; baseline -0.004 -18"><span class='ocrx_word' id='word_1_13' title='bbox 614 767 797 834; x_wconf 78' lang='lat' dir='ltr'>nssson</span> <span class='ocrx_word' id='word_1_14' title='bbox 828 784 867 850; x_wconf 91' lang='lat'>91</span> 
     </span>
    </p>
   </div>
   <div class='ocr_carea' id='block_1_4' title="bbox 492 950 990 1034">
    <p class='ocr_par' dir='ltr' id='par_1_4' title="bbox 492 950 990 1034">
     <span class='ocr_line' id='line_1_5' title="bbox 492 950 990 1034; baseline 0.002 -19"><span class='ocrx_word' id='word_1_15' title='bbox 492 951 594 1016; x_wconf 82' lang='lat' dir='ltr'><em>Evils</em></span> <span class='ocrx_word' id='word_1_16' title='bbox 615 953 657 1034; x_wconf 87' lang='lat' dir='ltr'>os</span> <span class='ocrx_word' id='word_1_17' title='bbox 674 950 727 1014; x_wconf 75' lang='lat' dir='ltr'>tlte</span> <span class='ocrx_word' id='word_1_18' title='bbox 752 950 855 1016; x_wconf 81' lang='lat' dir='ltr'>Slave</span> <span class='ocrx_word' id='word_1_19' title='bbox 882 950 990 1016; x_wconf 81' lang='lat' dir='ltr'><em>Trade</em></span> 
     </span>
    </p>
   </div>
   <div class='ocr_carea' id='block_1_5' title="bbox 150 1101 1375 2648">
    <p class='ocr_par' dir='ltr' id='par_1_5' title="bbox 150 1101 1375 1920">
     <span class='ocr_line' id='line_1_6' title="bbox 232 1101 1298 1198; baseline -0.002 -18"><span class='ocrx_word' id='word_1_20' title='bbox 232 1114 367 1191; x_wconf 73' lang='lat' dir='ltr'>Gentes,</span> <span class='ocrx_word' id='word_1_21' title='bbox 384 1133 471 1198; x_wconf 89' lang='lat' dir='ltr'>quae</span> <span class='ocrx_word' id='word_1_22' title='bbox 491 1101 646 1177; x_wconf 63' lang='lat' dir='ltr'>Biricam</span> <span class='ocrx_word' id='word_1_23' title='bbox 668 1114 826 1190; x_wconf 90' lang='lat' dir='ltr'>incolunt,</span> <span class='ocrx_word' id='word_1_24' title='bbox 844 1115 1013 1196; x_wconf 91' lang='lat' dir='ltr'>quondam</span> <span class='ocrx_word' id='word_1_25' title='bbox 1032 1114 1119 1178; x_wconf 91' lang='lat' dir='ltr'>inter</span> <span class='ocrx_word' id='word_1_26' title='bbox 1136 1121 1173 1178; x_wconf 77' lang='lat' dir='ltr'>se</span> <span class='ocrx_word' id='word_1_27' title='bbox 1192 1134 1298 1198; x_wconf 87' lang='lat' dir='ltr'>saepe</span> 
     </span>
     <span class='ocr_line' id='line_1_7' title="bbox 188 1218 1296 1300; baseline -0.002 -18"><span class='ocrx_word' id='word_1_28' title='bbox 188 1218 399 1295; x_wconf 74' lang='lat' dir='ltr'>dimicabant,</span> <span class='ocrx_word' id='word_1_29' title='bbox 416 1225 605 1300; x_wconf 84' lang='lat' dir='ltr'>captivique</span> <span class='ocrx_word' id='word_1_30' title='bbox 629 1218 937 1300; x_wconf 60' lang='lat' dir='ltr'>{negotiatoribus</span> <span class='ocrx_word' id='word_1_31' title='bbox 960 1226 1073 1300; x_wconf 86' lang='lat' dir='ltr'>empti,</span> <span class='ocrx_word' id='word_1_32' title='bbox 1095 1218 1236 1283; x_wconf 76' lang='lat' dir='ltr'>navibus</span> <span class='ocrx_word' id='word_1_33' title='bbox 1262 1219 1296 1281; x_wconf 90' lang='lat' dir='ltr'>in</span> 
     </span>
     <span class='ocr_line' id='line_1_8' title="bbox 164 1317 1298 1400; baseline -0.001 -18"><span class='ocrx_word' id='word_1_34' title='bbox 164 1325 293 1389; x_wconf 62' lang='lat' dir='ltr'>§terras</span> <span class='ocrx_word' id='word_1_35' title='bbox 312 1327 390 1382; x_wconf 91' lang='lat' dir='ltr'>sunt</span> <span class='ocrx_word' id='word_1_36' title='bbox 409 1324 627 1400; x_wconf 70' lang='lat' dir='ltr'>transportati</span> <span class='ocrx_word' id='word_1_37' title='bbox 648 1318 805 1394; x_wconf 75' lang='lat' dir='ltr'>diversas,</span> <span class='ocrx_word' id='word_1_38' title='bbox 829 1317 884 1379; x_wconf 94' lang='lat' dir='ltr'>ubi</span> <span class='ocrx_word' id='word_1_39' title='bbox 904 1317 1047 1382; x_wconf 86' lang='lat' dir='ltr'>dominis</span> <span class='ocrx_word' id='word_1_40' title='bbox 1068 1325 1163 1381; x_wconf 86' lang='lat' dir='ltr'>novis</span> <span class='ocrx_word' id='word_1_41' title='bbox 1181 1318 1298 1382; x_wconf 75' lang='lat' dir='ltr'>traditi</span> 
     </span>
     <span class='ocr_line' id='line_1_9' title="bbox 189 1420 1296 1504; baseline -0.001 -18"><span class='ocrx_word' id='word_1_42' title='bbox 189 1431 326 1486; x_wconf 79' lang='lat' dir='ltr'>summis</span> <span class='ocrx_word' id='word_1_43' title='bbox 346 1421 512 1486; x_wconf 77' lang='lat' dir='ltr'>laboribus</span> <span class='ocrx_word' id='word_1_44' title='bbox 533 1429 677 1485; x_wconf 70' lang='lat' dir='ltr'>aetatem</span> <span class='ocrx_word' id='word_1_45' title='bbox 696 1423 730 1484; x_wconf 93' lang='lat' dir='ltr'>in</span> <span class='ocrx_word' id='word_1_46' title='bbox 756 1431 844 1504; x_wconf 78' lang='lat' dir='ltr'>agris</span> <span class='ocrx_word' id='word_1_47' title='bbox 864 1420 1019 1503; x_wconf 75' lang='lat' dir='ltr'>agebant.</span> <span class='ocrx_word' id='word_1_48' title='bbox 1069 1423 1159 1485; x_wconf 90' lang='lat' dir='ltr'>Dum</span> <span class='ocrx_word' id='word_1_49' title='bbox 1181 1432 1296 1485; x_wconf 87' lang='lat' dir='ltr'>autem</span> 
     </span>
     <span class='ocr_line' id='line_1_10' title="bbox 189 1525 1375 1608; baseline 0.001 -20"><span class='ocrx_word' id='word_1_50' title='bbox 189 1528 357 1608; x_wconf 76' lang='lat' dir='ltr'>navigant,</span> <span class='ocrx_word' id='word_1_51' title='bbox 383 1525 535 1590; x_wconf 78' lang='lat' dir='ltr'>condicio</span> <span class='ocrx_word' id='word_1_52' title='bbox 561 1532 768 1608; x_wconf 79' lang='lat' dir='ltr'>captivorum</span> <span class='ocrx_word' id='word_1_53' title='bbox 796 1525 981 1589; x_wconf 90' lang='lat' dir='ltr'>miserrima</span> <span class='ocrx_word' id='word_1_54' title='bbox 1007 1536 1094 1604; x_wconf 89' lang='lat' dir='ltr'>erat;</span> <span class='ocrx_word' id='word_1_55' title='bbox 1126 1547 1205 1590; x_wconf 90' lang='lat' dir='ltr'>nam</span> <span class='ocrx_word' id='word_1_56' title='bbox 1232 1534 1299 1590; x_wconf 71' lang='lat' dir='ltr'>tri·</span> <span class='ocrx_word' id='word_1_57' title='bbox 1371 1530 1375 1536; x_wconf 89' lang='lat'>&#39;</span> 
     </span>
     <span class='ocr_line' id='line_1_11' title="bbox 189 1628 1297 1713; baseline 0 -21"><span class='ocrx_word' id='word_1_58' title='bbox 189 1630 295 1693; x_wconf 88' lang='lat' dir='ltr'>ditum</span> <span class='ocrx_word' id='word_1_59' title='bbox 320 1638 371 1693; x_wconf 91' lang='lat' dir='ltr'>est</span> <span class='ocrx_word' id='word_1_60' title='bbox 395 1631 556 1706; x_wconf 80' lang='lat' dir='ltr'>dominos,</span> <span class='ocrx_word' id='word_1_61' title='bbox 583 1640 641 1712; x_wconf 80' lang='lat' dir='ltr'>qui</span> <span class='ocrx_word' id='word_1_62' title='bbox 667 1639 842 1712; x_wconf 89' lang='lat' dir='ltr'>quaestum</span> <span class='ocrx_word' id='word_1_63' title='bbox 867 1628 1025 1693; x_wconf 79' lang='lat' dir='ltr'>volebant</span> <span class='ocrx_word' id='word_1_64' title='bbox 1051 1630 1164 1694; x_wconf 87' lang='lat' dir='ltr'>facere</span> <span class='ocrx_word' id='word_1_65' title='bbox 1192 1650 1297 1713; x_wconf 90' lang='lat' dir='ltr'>quam</span> 
     </span>
     <span class='ocr_line' id='line_1_12' title="bbox 190 1732 1297 1817; baseline 0.001 -21"><span class='ocrx_word' id='word_1_66' title='bbox 190 1734 367 1797; x_wconf 89' lang='lat' dir='ltr'>maximum</span> <span class='ocrx_word' id='word_1_67' title='bbox 393 1754 502 1816; x_wconf 88' lang='lat' dir='ltr'>neque</span> <span class='ocrx_word' id='word_1_68' title='bbox 526 1733 615 1796; x_wconf 85' lang='lat' dir='ltr'>aliud</span> <span class='ocrx_word' id='word_1_69' title='bbox 638 1732 810 1810; x_wconf 70' lang='lat' dir='ltr'>corabant,</span> <span class='ocrx_word' id='word_1_70' title='bbox 833 1733 1015 1797; x_wconf 75' lang='lat' dir='ltr'>valetsrdini</span> <span class='ocrx_word' id='word_1_71' title='bbox 1038 1734 1202 1817; x_wconf 77' lang='lat' dir='ltr'>salntique</span> <span class='ocrx_word' id='word_1_72' title='bbox 1226 1754 1297 1797; x_wconf 92' lang='lat' dir='ltr'>ser·</span> 
     </span>
     <span class='ocr_line' id='line_1_13' title="bbox 150 1837 797 1920; baseline -0.002 -18"><span class='ocrx_word' id='word_1_73' title='bbox 150 1864 180 1902; x_wconf 87' lang='lat'>10</span> <span class='ocrx_word' id='word_1_74' title='bbox 188 1845 303 1901; x_wconf 77' lang='lat' dir='ltr'>vorum</span> <span class='ocrx_word' id='word_1_75' title='bbox 320 1857 457 1920; x_wconf 87' lang='lat' dir='ltr'>operam</span> <span class='ocrx_word' id='word_1_76' title='bbox 474 1837 642 1900; x_wconf 89' lang='lat' dir='ltr'>minimam</span> <span class='ocrx_word' id='word_1_77' title='bbox 657 1837 797 1901; x_wconf 88' lang='lat' dir='ltr'>dedisse.</span> 
     </span>
    </p>

    <p class='ocr_par' dir='ltr' id='par_1_6' title="bbox 190 1942 1313 2337">
     <span class='ocr_line' id='line_1_14' title="bbox 234 1942 1298 2026; baseline -0.001 -20"><span class='ocrx_word' id='word_1_78' title='bbox 234 1943 301 2026; x_wconf 82' lang='lat' dir='ltr'>Qui</span> <span class='ocrx_word' id='word_1_79' title='bbox 312 1942 412 2025; x_wconf 84' lang='lat' dir='ltr'>igitur</span> <span class='ocrx_word' id='word_1_80' title='bbox 428 1942 539 2006; x_wconf 90' lang='lat' dir='ltr'>miseri</span> <span class='ocrx_word' id='word_1_81' title='bbox 552 1942 585 2004; x_wconf 94' lang='lat' dir='ltr'>in</span> <span class='ocrx_word' id='word_1_82' title='bbox 602 1942 683 2006; x_wconf 77' lang='lat' dir='ltr'>locis</span> <span class='ocrx_word' id='word_1_83' title='bbox 696 1951 847 2024; x_wconf 77' lang='lat' dir='ltr'>angustis</span> <span class='ocrx_word' id='word_1_84' title='bbox 859 1942 1036 2024; x_wconf 82' lang='lat' dir='ltr'>foedisque</span> <span class='ocrx_word' id='word_1_85' title='bbox 1053 1943 1168 2024; x_wconf 91' lang='lat' dir='ltr'>procul</span> <span class='ocrx_word' id='word_1_86' title='bbox 1184 1949 1203 2004; x_wconf 77' lang='lat' dir='ltr'>a</span> <span class='ocrx_word' id='word_1_87' title='bbox 1220 1943 1298 2006; x_wconf 70' lang='lat' dir='ltr'>loce</span> 
     </span>
     <span class='ocr_line' id='line_1_15' title="bbox 190 2045 1297 2130; baseline -0.003 -19"><span class='ocrx_word' id='word_1_88' title='bbox 190 2047 338 2130; x_wconf 80' lang='lat' dir='ltr'>caelique</span> <span class='ocrx_word' id='word_1_89' title='bbox 354 2047 470 2130; x_wconf 77' lang='lat' dir='ltr'>spiritfi</span> <span class='ocrx_word' id='word_1_90' title='bbox 487 2066 588 2128; x_wconf 90' lang='lat' dir='ltr'>saepe</span> <span class='ocrx_word' id='word_1_91' title='bbox 601 2046 850 2109; x_wconf 79' lang='lat' dir='ltr'>claudebantur.</span> <span class='ocrx_word' id='word_1_92' title='bbox 897 2045 1100 2128; x_wconf 83' lang='lat' dir='ltr'>Quinetiam</span> <span class='ocrx_word' id='word_1_93' title='bbox 1117 2047 1297 2124; x_wconf 87' lang='lat' dir='ltr'>interdum,</span> 
     </span>
     <span class='ocr_line' id='line_1_16' title="bbox 190 2149 1297 2233; baseline -0.002 -18"><span class='ocrx_word' id='word_1_94' title='bbox 190 2160 226 2215; x_wconf 91' lang='lat' dir='ltr'>ut</span> <span class='ocrx_word' id='word_1_95' title='bbox 242 2158 344 2214; x_wconf 75' lang='lat' dir='ltr'>naves</span> <span class='ocrx_word' id='word_1_96' title='bbox 363 2171 463 2233; x_wconf 93' lang='lat' dir='ltr'>quam</span> <span class='ocrx_word' id='word_1_97' title='bbox 486 2151 646 2232; x_wconf 75' lang='lat' dir='ltr'>plfirimos</span> <span class='ocrx_word' id='word_1_98' title='bbox 666 2157 847 2231; x_wconf 70' lang='lat' dir='ltr'>portarent,</span> <span class='ocrx_word' id='word_1_99' title='bbox 864 2149 950 2213; x_wconf 90' lang='lat' dir='ltr'>inter</span> <span class='ocrx_word' id='word_1_100' title='bbox 970 2157 1006 2213; x_wconf 78' lang='lat' dir='ltr'>se</span> <span class='ocrx_word' id='word_1_101' title='bbox 1021 2150 1161 2213; x_wconf 87' lang='lat' dir='ltr'>vinculis</span> <span class='ocrx_word' id='word_1_102' title='bbox 1180 2151 1297 2227; x_wconf 76' lang='lat' dir='ltr'>ifincti,</span> 
     </span>
     <span class='ocr_line' id='line_1_17' title="bbox 190 2252 1313 2337; baseline -0.001 -18"><span class='ocrx_word' id='word_1_103' title='bbox 190 2265 301 2337; x_wconf 82' lang='lat' dir='ltr'>supini</span> <span class='ocrx_word' id='word_1_104' title='bbox 328 2254 399 2318; x_wconf 75' lang='lat' dir='ltr'>dies</span> <span class='ocrx_word' id='word_1_105' title='bbox 426 2263 609 2337; x_wconf 78' lang='lat' dir='ltr'>noctesque</span> <span class='ocrx_word' id='word_1_106' title='bbox 636 2253 744 2318; x_wconf 72' lang='lat' dir='ltr'>iacere</span> <span class='ocrx_word' id='word_1_107' title='bbox 771 2260 878 2317; x_wconf 80' lang='lat' dir='ltr'>coacti</span> <span class='ocrx_word' id='word_1_108' title='bbox 906 2264 992 2330; x_wconf 92' lang='lat' dir='ltr'>sunt,</span> <span class='ocrx_word' id='word_1_109' title='bbox 1021 2252 1131 2335; x_wconf 80' lang='lat' dir='ltr'>spatio</span> <span class='ocrx_word' id='word_1_110' title='bbox 1158 2253 1313 2318; x_wconf 74' lang='lat' dir='ltr'>minimo</span> 
     </span>
    </p>

    <p class='ocr_par' dir='ltr' id='par_1_7' title="bbox 150 2358 1300 2648">
     <span class='ocr_line' id='line_1_18' title="bbox 150 2358 1298 2441; baseline 0.003 -24"><span class='ocrx_word' id='word_1_111' title='bbox 150 2379 179 2433; x_wconf 83' lang='lat'>¹5</span> <span class='ocrx_word' id='word_1_112' title='bbox 190 2369 320 2424; x_wconf 90' lang='lat' dir='ltr'>tantum</span> <span class='ocrx_word' id='word_1_113' title='bbox 336 2359 460 2435; x_wconf 78' lang='lat' dir='ltr'>relicto,</span> <span class='ocrx_word' id='word_1_114' title='bbox 478 2359 534 2421; x_wconf 93' lang='lat' dir='ltr'>ubi</span> <span class='ocrx_word' id='word_1_115' title='bbox 553 2367 651 2441; x_wconf 75' lang='lat' dir='ltr'>pauci</span> <span class='ocrx_word' id='word_1_116' title='bbox 666 2359 738 2421; x_wconf 91' lang='lat' dir='ltr'>vice</span> <span class='ocrx_word' id='word_1_117' title='bbox 758 2358 886 2421; x_wconf 76' lang='lat' dir='ltr'>alterna</span> <span class='ocrx_word' id='word_1_118' title='bbox 911 2365 947 2420; x_wconf 77' lang='lat' dir='ltr'>se</span> <span class='ocrx_word' id='word_1_119' title='bbox 962 2365 1117 2422; x_wconf 75' lang='lat' dir='ltr'>exercere</span> <span class='ocrx_word' id='word_1_120' title='bbox 1140 2369 1298 2440; x_wconf 88' lang='lat' dir='ltr'>possent:</span> 
     </span>
     <span class='ocr_line' id='line_1_19' title="bbox 190 2463 1299 2546; baseline -0.001 -21"><span class='ocrx_word' id='word_1_121' title='bbox 190 2471 330 2546; x_wconf 79' lang='lat' dir='ltr'>quorum</span> <span class='ocrx_word' id='word_1_122' title='bbox 352 2463 528 2539; x_wconf 74' lang='lat' dir='ltr'>cruciatus,</span> <span class='ocrx_word' id='word_1_123' title='bbox 557 2469 758 2544; x_wconf 60' lang='lat' dir='ltr'>tempestate</span> <span class='ocrx_word' id='word_1_124' title='bbox 776 2468 900 2538; x_wconf 75' lang='lat' dir='ltr'>coorta,</span> <span class='ocrx_word' id='word_1_125' title='bbox 922 2463 1086 2524; x_wconf 88' lang='lat' dir='ltr'>maximus</span> <span class='ocrx_word' id='word_1_126' title='bbox 1109 2471 1197 2538; x_wconf 86' lang='lat' dir='ltr'>erat;</span> <span class='ocrx_word' id='word_1_127' title='bbox 1223 2471 1299 2524; x_wconf 93' lang='lat' dir='ltr'>tum</span> 
     </span>
     <span class='ocr_line' id='line_1_20' title="bbox 190 2565 1300 2648; baseline -0.001 -18"><span class='ocrx_word' id='word_1_128' title='bbox 190 2567 279 2631; x_wconf 90' lang='lat' dir='ltr'>enim</span> <span class='ocrx_word' id='word_1_129' title='bbox 295 2567 377 2630; x_wconf 81' lang='lat' dir='ltr'>foris</span> <span class='ocrx_word' id='word_1_130' title='bbox 393 2565 547 2630; x_wconf 92' lang='lat' dir='ltr'>omnibus</span> <span class='ocrx_word' id='word_1_131' title='bbox 563 2567 685 2630; x_wconf 76' lang='lat' dir='ltr'>clausis</span> <span class='ocrx_word' id='word_1_132' title='bbox 701 2565 756 2629; x_wconf 90' lang='lat' dir='ltr'>vix</span> <span class='ocrx_word' id='word_1_133' title='bbox 771 2571 937 2648; x_wconf 76' lang='lat' dir='ltr'>respirare</span> <span class='ocrx_word' id='word_1_134' title='bbox 953 2574 1118 2647; x_wconf 87' lang='lat' dir='ltr'>poterant,</span> <span class='ocrx_word' id='word_1_135' title='bbox 1133 2565 1300 2648; x_wconf 80' lang='lat' dir='ltr'>multique</span> 
     </span>
    </p>
   </div>
   <div class='ocr_carea' id='block_1_6' title="bbox 188 2747 1300 3870">
    <p class='ocr_par' dir='ltr' id='par_1_8' title="bbox 188 2747 1300 3870">
     <span class='ocr_line' id='line_1_21' title="bbox 253 2747 1300 2820; baseline -0.001 -19"><span class='ocrx_word' id='word_1_136' title='bbox 253 2767 276 2802; x_wconf 92' lang='lat'>1.</span> <span class='ocrx_word' id='word_1_137' title='bbox 303 2763 481 2816; x_wconf 75' lang='lat' dir='ltr'>quamquam:</span> <span class='ocrx_word' id='word_1_138' title='bbox 536 2747 667 2802; x_wconf 79' lang='lat' dir='ltr'>whereas.</span> <span class='ocrx_word' id='word_1_139' title='bbox 680 2779 716 2788; x_wconf 93' lang='lat'><em>—</em></span> <span class='ocrx_word' id='word_1_140' title='bbox 812 2747 1300 2820; x_wconf 76' lang='lat' dir='ltr'>12.cae11:(0pen)air.-spin-</span> 
     </span>
     <span class='ocr_line' id='line_1_22' title="bbox 189 2827 1193 2902; baseline -0.004 -20"><span class='ocrx_word' id='word_1_141' title='bbox 189 2831 312 2883; x_wconf 73' lang='lat' dir='ltr'>dberius:</span> <span class='ocrx_word' id='word_1_142' title='bbox 332 2829 393 2883; x_wconf 91' lang='lat' dir='ltr'>adv.</span> <span class='ocrx_word' id='word_1_143' title='bbox 399 2828 531 2902; x_wconf 86' lang='lat' dir='ltr'>(positive</span> <span class='ocrx_word' id='word_1_144' title='bbox 543 2836 592 2884; x_wconf 89' lang='lat' dir='ltr'>not</span> <span class='ocrx_word' id='word_1_145' title='bbox 602 2829 631 2882; x_wconf 85' lang='lat' dir='ltr'>in</span> <span class='ocrx_word' id='word_1_146' title='bbox 640 2828 715 2897; x_wconf 87' lang='lat' dir='ltr'>use),</span> <span class='ocrx_word' id='word_1_147' title='bbox 765 2831 812 2881; x_wconf 78' lang='lat' dir='ltr'>tn:</span> <span class='ocrx_word' id='word_1_148' title='bbox 832 2829 954 2895; x_wconf 77' lang='lat' dir='ltr'>spiritus,</span> <span class='ocrx_word' id='word_1_149' title='bbox 967 2832 1019 2894; x_wconf 82' lang='lat' dir='ltr'>-1&#39;1s,</span> <span class='ocrx_word' id='word_1_150' title='bbox 1033 2842 1076 2894; x_wconf 73' lang='lat' dir='ltr'>M,</span> <span class='ocrx_word' id='word_1_151' title='bbox 1089 2827 1193 2881; x_wconf 80' lang='lat' dir='ltr'>breath.</span> 
     </span>
     <span class='ocr_line' id='line_1_23' title="bbox 190 2908 1297 2982; baseline -0.004 -17"><span class='ocrx_word' id='word_1_152' title='bbox 190 2927 257 2980; x_wconf 82' lang='lat' dir='ltr'>very</span> <span class='ocrx_word' id='word_1_153' title='bbox 263 2910 365 2982; x_wconf 86' lang='lat' dir='ltr'>sreely.</span> <span class='ocrx_word' id='word_1_154' title='bbox 812 2926 852 2972; x_wconf 86' lang='lat'>13.</span> <span class='ocrx_word' id='word_1_155' title='bbox 879 2910 952 2961; x_wconf 86' lang='lat' dir='ltr'>inter</span> <span class='ocrx_word' id='word_1_156' title='bbox 963 2913 1009 2961; x_wconf 61' lang='lat' dir='ltr'>ab:</span> <span class='ocrx_word' id='word_1_157' title='bbox 1028 2910 1069 2962; x_wconf 78' lang='lat' dir='ltr'>ie.</span> <span class='ocrx_word' id='word_1_158' title='bbox 1077 2914 1105 2962; x_wconf 86' lang='lat' dir='ltr'>to</span> <span class='ocrx_word' id='word_1_159' title='bbox 1111 2925 1162 2961; x_wconf 86' lang='lat' dir='ltr'>one</span> <span class='ocrx_word' id='word_1_160' title='bbox 1168 2908 1297 2961; x_wconf 79' lang='lat' dir='ltr'>another.</span> 
     </span>
     <span class='ocr_line' id='line_1_24' title="bbox 251 2989 1297 3060; baseline -0.001 -17"><span class='ocrx_word' id='word_1_161' title='bbox 251 3009 276 3056; x_wconf 82' lang='grc'>4.</span> <span class='ocrx_word' id='word_1_162' title='bbox 304 2991 434 3043; x_wconf 74' lang='lat' dir='ltr'>nivibus:</span> <span class='ocrx_word' id='word_1_163' title='bbox 454 2990 567 3060; x_wconf 80' lang='lat' dir='ltr'>byslu&#39;p.</span> <span class='ocrx_word' id='word_1_164' title='bbox 765 2990 910 3042; x_wconf 61' lang='lat' dir='ltr'>-ifinctm</span> <span class='ocrx_word' id='word_1_165' title='bbox 931 2991 1020 3056; x_wconf 76' lang='lat' dir='ltr'>iungt&#39;t,</span> <span class='ocrx_word' id='word_1_166' title='bbox 1036 3005 1061 3058; x_wconf 87' lang='lat'>3,</span> <span class='ocrx_word' id='word_1_167' title='bbox 1077 2989 1297 3056; x_wconf 76' lang='lat' dir='ltr'>ifinxi,ir&#39;1nctus,</span> 
     </span>
     <span class='ocr_line' id='line_1_25' title="bbox 252 3069 840 3142; baseline -0.005 -17"><span class='ocrx_word' id='word_1_168' title='bbox 252 3079 278 3125; x_wconf 81' lang='lat'>6.</span> <span class='ocrx_word' id='word_1_169' title='bbox 303 3071 713 3142; x_wconf 76' lang='lat' dir='ltr'>laboribusztranslateass&#39;mg.</span> <span class='ocrx_word' id='word_1_170' title='bbox 766 3069 840 3123; x_wconf 86' lang='lat' dir='ltr'>bind.</span> 
     </span>
     <span class='ocr_line' id='line_1_26' title="bbox 188 3149 1298 3220; baseline -0.005 -13"><span class='ocrx_word' id='word_1_171' title='bbox 188 3151 408 3207; x_wconf 70' lang='lat' dir='ltr'>—aetitemaet</span> <span class='ocrx_word' id='word_1_172' title='bbox 417 3155 506 3204; x_wconf 81' lang='lat' dir='ltr'>vitam</span> <span class='ocrx_word' id='word_1_173' title='bbox 513 3151 577 3205; x_wconf 87' lang='lat' dir='ltr'>with</span> <span class='ocrx_word' id='word_1_174' title='bbox 584 3151 716 3205; x_wconf 88' lang='lat' dir='ltr'>thesame</span> <span class='ocrx_word' id='word_1_175' title='bbox 812 3165 852 3214; x_wconf 84' lang='lat'>15.</span> <span class='ocrx_word' id='word_1_176' title='bbox 878 3154 973 3218; x_wconf 84' lang='lat' dir='ltr'>pauci:</span> <span class='ocrx_word' id='word_1_177' title='bbox 993 3151 1033 3202; x_wconf 80' lang='lat' dir='ltr'>ie.</span> <span class='ocrx_word' id='word_1_178' title='bbox 1046 3149 1132 3202; x_wconf 87' lang='lat' dir='ltr'>small</span> <span class='ocrx_word' id='word_1_179' title='bbox 1135 3151 1298 3220; x_wconf 73' lang='lat' dir='ltr'>granpr.—</span> 
     </span>
     <span class='ocr_line' id='line_1_27' title="bbox 190 3229 1295 3304; baseline -0.005 -16"><span class='ocrx_word' id='word_1_180' title='bbox 190 3233 265 3301; x_wconf 89' lang='lat' dir='ltr'>verb,</span> <span class='ocrx_word' id='word_1_181' title='bbox 277 3251 305 3304; x_wconf 84' lang='lat' dir='ltr'>p.</span> <span class='ocrx_word' id='word_1_182' title='bbox 317 3234 360 3300; x_wconf 90' lang='lat'>61,</span> <span class='ocrx_word' id='word_1_183' title='bbox 373 3232 390 3285; x_wconf 93' lang='lat' dir='ltr'>l.</span> <span class='ocrx_word' id='word_1_184' title='bbox 410 3248 449 3302; x_wconf 84' lang='lat'>¹3·</span> <span class='ocrx_word' id='word_1_185' title='bbox 460 3235 567 3285; x_wconf 87' lang='lat' dir='ltr'>-dum</span> <span class='ocrx_word' id='word_1_186' title='bbox 579 3271 585 3283; x_wconf 92' lang='lat'>.</span> <span class='ocrx_word' id='word_1_187' title='bbox 599 3271 605 3283; x_wconf 93' lang='lat'>.</span> <span class='ocrx_word' id='word_1_188' title='bbox 620 3270 625 3283; x_wconf 94' lang='lat'>.</span> <span class='ocrx_word' id='word_1_189' title='bbox 639 3233 716 3284; x_wconf 72' lang='lat' dir='ltr'><strong>nivi·</strong></span> <span class='ocrx_word' id='word_1_190' title='bbox 765 3232 825 3284; x_wconf 80' lang='lat' dir='ltr'>vice</span> <span class='ocrx_word' id='word_1_191' title='bbox 844 3233 958 3298; x_wconf 75' lang='lat' dir='ltr'>alterni,</span> <span class='ocrx_word' id='word_1_192' title='bbox 971 3229 1026 3284; x_wconf 90' lang='lat' dir='ltr'>abl.</span> <span class='ocrx_word' id='word_1_193' title='bbox 1041 3229 1149 3299; x_wconf 87' lang='lat' dir='ltr'>phrase,</span> <span class='ocrx_word' id='word_1_194' title='bbox 1161 3231 1192 3282; x_wconf 86' lang='lat' dir='ltr'>in</span> <span class='ocrx_word' id='word_1_195' title='bbox 1211 3235 1295 3282; x_wconf 82' lang='lat' dir='ltr'>turn.</span> 
     </span>
     <span class='ocr_line' id='line_1_28' title="bbox 190 3310 1297 3383; baseline -0.006 -15"><span class='ocrx_word' id='word_1_196' title='bbox 190 3318 265 3382; x_wconf 75' lang='lat' dir='ltr'>gant,</span> <span class='ocrx_word' id='word_1_197' title='bbox 278 3323 348 3369; x_wconf 76' lang='lat' dir='ltr'>eto:</span> <span class='ocrx_word' id='word_1_198' title='bbox 369 3313 460 3383; x_wconf 84' lang='lat' dir='ltr'>freely,</span> <span class='ocrx_word' id='word_1_199' title='bbox 473 3314 495 3366; x_wconf 80' lang='lat' dir='ltr'>it</span> <span class='ocrx_word' id='word_1_200' title='bbox 504 3331 572 3380; x_wconf 84' lang='lat' dir='ltr'>was,</span> <span class='ocrx_word' id='word_1_201' title='bbox 582 3313 714 3379; x_wconf 73' lang='lat' dir='ltr'>however,</span> <span class='ocrx_word' id='word_1_202' title='bbox 764 3315 943 3364; x_wconf 73' lang='lat' dir='ltr'>-exercerez</span> <span class='ocrx_word' id='word_1_203' title='bbox 969 3314 1085 3377; x_wconf 77' lang='lat' dir='ltr'>exerceo,</span> <span class='ocrx_word' id='word_1_204' title='bbox 1107 3325 1132 3374; x_wconf 87' lang='lat'>2,</span> <span class='ocrx_word' id='word_1_205' title='bbox 1150 3313 1198 3374; x_wconf 82' lang='lat' dir='ltr'>-ui‚</span> <span class='ocrx_word' id='word_1_206' title='bbox 1217 3310 1297 3376; x_wconf 83' lang='lat' dir='ltr'>-itus,</span> 
     </span>
     <span class='ocr_line' id='line_1_29' title="bbox 189 3389 1296 3464; baseline -0.006 -16"><span class='ocrx_word' id='word_1_207' title='bbox 189 3395 271 3448; x_wconf 78' lang='lat' dir='ltr'>while</span> <span class='ocrx_word' id='word_1_208' title='bbox 299 3394 360 3463; x_wconf 82' lang='lat' dir='ltr'>they</span> <span class='ocrx_word' id='word_1_209' title='bbox 388 3410 461 3447; x_wconf 85' lang='lat' dir='ltr'>were</span> <span class='ocrx_word' id='word_1_210' title='bbox 490 3411 525 3447; x_wconf 83' lang='lat' dir='ltr'>on</span> <span class='ocrx_word' id='word_1_211' title='bbox 558 3393 715 3464; x_wconf 63' lang='lat' dir='ltr'>skepboard,</span> <span class='ocrx_word' id='word_1_212' title='bbox 765 3393 1056 3458; x_wconf 66' lang='lat' dir='ltr'>cremisa-possent:</span> <span class='ocrx_word' id='word_1_213' title='bbox 1069 3398 1134 3444; x_wconf 89' lang='lat' dir='ltr'>note</span> <span class='ocrx_word' id='word_1_214' title='bbox 1144 3389 1191 3443; x_wconf 86' lang='lat' dir='ltr'>the</span> <span class='ocrx_word' id='word_1_215' title='bbox 1200 3389 1296 3443; x_wconf 91' lang='lat' dir='ltr'>mood.</span> 
     </span>
     <span class='ocr_line' id='line_1_30' title="bbox 189 3469 1297 3542; baseline -0.005 -14"><span class='ocrx_word' id='word_1_216' title='bbox 189 3475 258 3542; x_wconf 70' lang='lat' dir='ltr'>that,</span> <span class='ocrx_word' id='word_1_217' title='bbox 271 3483 322 3530; x_wconf 88' lang='lat' dir='ltr'>etc.</span> <span class='ocrx_word' id='word_1_218' title='bbox 810 3479 850 3525; x_wconf 84' lang='lat'>16.</span> <span class='ocrx_word' id='word_1_219' title='bbox 877 3475 1001 3538; x_wconf 77' lang='lat' dir='ltr'>quomm:</span> <span class='ocrx_word' id='word_1_220' title='bbox 1049 3471 1124 3542; x_wconf 83' lang='lat' dir='ltr'>(but)</span> <span class='ocrx_word' id='word_1_221' title='bbox 1161 3469 1243 3523; x_wconf 79' lang='lat' dir='ltr'>their.</span> <span class='ocrx_word' id='word_1_222' title='bbox 1257 3500 1297 3510; x_wconf 93' lang='lat'><em>-</em></span> 
     </span>
     <span class='ocr_line' id='line_1_31' title="bbox 251 3548 1297 3626; baseline -0.005 -17"><span class='ocrx_word' id='word_1_223' title='bbox 251 3573 277 3620; x_wconf 84' lang='lat'>9.</span> <span class='ocrx_word' id='word_1_224' title='bbox 303 3557 393 3610; x_wconf 82' lang='lat' dir='ltr'>aliud:</span> <span class='ocrx_word' id='word_1_225' title='bbox 412 3554 618 3626; x_wconf 60' lang='lat' dir='ltr'>aemtln&#39;ngelse</span> <span class='ocrx_word' id='word_1_226' title='bbox 764 3556 930 3620; x_wconf 71' lang='lat' dir='ltr'>tempestite</span> <span class='ocrx_word' id='word_1_227' title='bbox 948 3555 1052 3606; x_wconf 74' lang='lat' dir='ltr'>coorti:</span> <span class='ocrx_word' id='word_1_228' title='bbox 1078 3550 1209 3604; x_wconf 86' lang='lat' dir='ltr'>translate</span> <span class='ocrx_word' id='word_1_229' title='bbox 1227 3548 1265 3620; x_wconf 91' lang='lat' dir='ltr'>by</span> <span class='ocrx_word' id='word_1_230' title='bbox 1277 3567 1297 3604; x_wconf 90' lang='lat' dir='ltr'>a</span> 
     </span>
     <span class='ocr_line' id='line_1_32' title="bbox 236 3632 1006 3704; baseline -0.004 -16"><span class='ocrx_word' id='word_1_231' title='bbox 236 3654 276 3689; x_wconf 89' lang='lat'>11.</span> <span class='ocrx_word' id='word_1_232' title='bbox 303 3641 349 3702; x_wconf 88' lang='lat' dir='ltr'>qni</span> <span class='ocrx_word' id='word_1_233' title='bbox 370 3676 376 3690; x_wconf 94' lang='lat'>.</span> <span class='ocrx_word' id='word_1_234' title='bbox 399 3677 405 3689; x_wconf 92' lang='lat'><em>.</em></span> <span class='ocrx_word' id='word_1_235' title='bbox 428 3676 434 3688; x_wconf 93' lang='lat'>.</span> <span class='ocrx_word' id='word_1_236' title='bbox 456 3638 563 3688; x_wconf 84' lang='lat' dir='ltr'>miseri:</span> <span class='ocrx_word' id='word_1_237' title='bbox 584 3635 630 3688; x_wconf 80' lang='lat' dir='ltr'>the</span> <span class='ocrx_word' id='word_1_238' title='bbox 643 3638 715 3704; x_wconf 73' lang='lat' dir='ltr'>poor</span> <span class='ocrx_word' id='word_1_239' title='bbox 766 3632 894 3686; x_wconf 75' lang='lat' dir='ltr'>“when&#39;’</span> <span class='ocrx_word' id='word_1_240' title='bbox 908 3633 1006 3687; x_wconf 85' lang='lat' dir='ltr'>clause.</span> 
     </span>
     <span class='ocr_line' id='line_1_33' title="bbox 190 3711 1295 3784; baseline -0.005 -15"><span class='ocrx_word' id='word_1_241' title='bbox 190 3716 327 3770; x_wconf 79' lang='lat' dir='ltr'>wretckes.</span> <span class='ocrx_word' id='word_1_242' title='bbox 340 3718 465 3769; x_wconf 79' lang='lat' dir='ltr'>-locisz</span> <span class='ocrx_word' id='word_1_243' title='bbox 528 3722 669 3784; x_wconf 83' lang='lat' dir='ltr'>quarters.</span> <span class='ocrx_word' id='word_1_244' title='bbox 681 3745 716 3752; x_wconf 99' lang='lat'><em>-</em></span> <span class='ocrx_word' id='word_1_245' title='bbox 812 3729 851 3778; x_wconf 88' lang='lat'>17.</span> <span class='ocrx_word' id='word_1_246' title='bbox 878 3711 1295 3780; x_wconf 71' lang='lat' dir='ltr'>fonszforus‚-1,n.‚gangway.</span> 
     </span>
     <span class='ocr_line' id='line_1_34' title="bbox 191 3789 1253 3870; baseline -0.004 -22"><span class='ocrx_word' id='word_1_247' title='bbox 191 3795 293 3856; x_wconf 76' lang='lat' dir='ltr'>foedio:</span> <span class='ocrx_word' id='word_1_248' title='bbox 325 3795 427 3868; x_wconf 76' lang='lat' dir='ltr'>foedus,</span> <span class='ocrx_word' id='word_1_249' title='bbox 452 3810 488 3868; x_wconf 70' lang='grc' dir='ltr'>-ι,</span> <span class='ocrx_word' id='word_1_250' title='bbox 512 3809 578 3866; x_wconf 77' lang='lat' dir='ltr'>-um‚</span> <span class='ocrx_word' id='word_1_251' title='bbox 594 3792 671 3870; x_wconf 79' lang='lat' dir='ltr'><em>soal.</em></span> <span class='ocrx_word' id='word_1_252' title='bbox 765 3795 954 3864; x_wconf 71' lang='lat' dir='ltr'>-reopirirez</span> <span class='ocrx_word' id='word_1_253' title='bbox 974 3795 1084 3862; x_wconf 76' lang='lat' dir='ltr'>respiro,</span> <span class='ocrx_word' id='word_1_254' title='bbox 1100 3805 1121 3856; x_wconf 91' lang='lat'>1,</span> <span class='ocrx_word' id='word_1_255' title='bbox 1134 3789 1253 3848; x_wconf 76' lang='lat' dir='ltr'>breathe.</span> 
     </span>
    </p>
   </div>
   <div class='ocr_carea' id='block_1_7' title="bbox 0 0 1469 4296">
    <p class='ocr_par' dir='ltr' id='par_1_9' title="bbox 0 0 1469 4296">
     <span class='ocr_line' id='line_1_35' title="bbox 0 0 1469 4296; baseline 0 0"><span class='ocrx_word' id='word_1_256' title='bbox 0 0 1469 4296; x_wconf 95' lang='lat' dir='ltr'> </span> 
     </span>
    </p>
   </div>
  </div>
 </body>
</html>
