<?xml version="1.0" encoding="UTF-8"?>
<!DOCTYPE html PUBLIC "-//W3C//DTD XHTML 1.0 Transitional//EN"
    "http://www.w3.org/TR/xhtml1/DTD/xhtml1-transitional.dtd">
<html xmlns="http://www.w3.org/1999/xhtml" xml:lang="en" lang="en">
 <head>
  <title>
</title>
<meta http-equiv="Content-Type" content="text/html;charset=utf-8" />
  <meta name='ocr-system' content='tesseract 3.04.00' />
  <meta name='ocr-capabilities' content='ocr_page ocr_carea ocr_par ocr_line ocrx_word'/>
</head>
<body>
  <div class='ocr_page' id='page_1' title='image "./afirstlatinread01nuttgoog_0148.png"; bbox 0 0 2920 4296; ppageno 0'>
   <div class='ocr_carea' id='block_1_1' title="bbox 464 359 1242 443">
    <p class='ocr_par' dir='ltr' id='par_1_1' title="bbox 464 359 1242 443">
     <span class='ocr_line' id='line_1_1' title="bbox 464 359 1242 443; baseline 0.014 -29"><span class='ocrx_word' id='word_1_1' title='bbox 464 359 578 417; x_wconf 73' lang='lat' dir='ltr'><strong>muse</strong></span> <span class='ocrx_word' id='word_1_2' title='bbox 603 359 727 418; x_wconf 77' lang='lat' dir='ltr'><strong>muru</strong></span> <span class='ocrx_word' id='word_1_3' title='bbox 754 360 919 417; x_wconf 70' lang='lat' dir='ltr'><strong>uulnere</strong></span> <span class='ocrx_word' id='word_1_4' title='bbox 1184 377 1242 443; x_wconf 81' lang='lat'><strong>135</strong></span> 
     </span>
    </p>
   </div>
   <div class='ocr_carea' id='block_1_2' title="bbox 83 540 1244 1669">
    <p class='ocr_par' dir='ltr' id='par_1_2' title="bbox 83 540 1244 1669">
     <span class='ocr_line' id='line_1_2' title="bbox 138 540 1244 628; baseline 0.004 -24"><span class='ocrx_word' id='word_1_5' title='bbox 138 540 281 604; x_wconf 71' lang='lat' dir='ltr'><strong>lacultis</strong></span> <span class='ocrx_word' id='word_1_6' title='bbox 305 540 424 623; x_wconf 81' lang='lat' dir='ltr'><strong>quietis</strong></span> <span class='ocrx_word' id='word_1_7' title='bbox 448 540 607 604; x_wconf 73' lang='lat' dir='ltr'><strong>dabitur:</strong></span> <span class='ocrx_word' id='word_1_8' title='bbox 632 561 693 604; x_wconf 91' lang='lat' dir='ltr'><strong>nec</strong></span> <span class='ocrx_word' id='word_1_9' title='bbox 718 541 835 628; x_wconf 77' lang='lat' dir='ltr'><strong>Cicero¹</strong></span> <span class='ocrx_word' id='word_1_10' title='bbox 858 543 940 623; x_wconf 89' lang='lat' dir='ltr'><strong>ipse,</strong></span> <span class='ocrx_word' id='word_1_11' title='bbox 954 551 1022 606; x_wconf 88' lang='lat' dir='ltr'><strong>etsi</strong></span> <span class='ocrx_word' id='word_1_12' title='bbox 1047 544 1244 608; x_wconf 68' lang='lat' dir='ltr'><strong>tenuissimi</strong></span> 
     </span>
     <span class='ocr_line' id='line_1_3' title="bbox 138 645 1242 728; baseline 0.005 -21"><span class='ocrx_word' id='word_1_13' title='bbox 138 655 209 708; x_wconf 91' lang='lat' dir='ltr'><strong>erat</strong></span> <span class='ocrx_word' id='word_1_14' title='bbox 236 645 435 720; x_wconf 77' lang='lat' dir='ltr'><strong>valetudiue,</strong></span> <span class='ocrx_word' id='word_1_15' title='bbox 464 653 628 708; x_wconf 78' lang='lat' dir='ltr'><strong>nocturno</strong></span> <span class='ocrx_word' id='word_1_16' title='bbox 655 656 804 728; x_wconf 89' lang='lat' dir='ltr'><strong>tempore</strong></span> <span class='ocrx_word' id='word_1_17' title='bbox 832 647 873 708; x_wconf 88' lang='lat' dir='ltr'><strong>ad</strong></span> <span class='ocrx_word' id='word_1_18' title='bbox 902 648 1048 728; x_wconf 78' lang='lat' dir='ltr'><strong>quietem</strong></span> <span class='ocrx_word' id='word_1_19' title='bbox 1078 648 1242 725; x_wconf 59' lang='lat' dir='ltr'><strong>utebatur,</strong></span> 
     </span>
     <span class='ocr_line' id='line_1_4' title="bbox 138 748 1105 832; baseline 0.004 -21"><span class='ocrx_word' id='word_1_20' title='bbox 138 749 330 832; x_wconf 88' lang='lat' dir='ltr'>priusquam</span> <span class='ocrx_word' id='word_1_21' title='bbox 348 749 487 811; x_wconf 89' lang='lat' dir='ltr'><strong>militum</strong></span> <span class='ocrx_word' id='word_1_22' title='bbox 505 748 642 811; x_wconf 80' lang='lat' dir='ltr'><strong>vocibus</strong></span> <span class='ocrx_word' id='word_1_23' title='bbox 659 748 720 812; x_wconf 91' lang='lat' dir='ltr'><strong>sibi</strong></span> <span class='ocrx_word' id='word_1_24' title='bbox 737 769 874 832; x_wconf 86' lang='lat' dir='ltr'>parcere</span> <span class='ocrx_word' id='word_1_25' title='bbox 892 756 1027 813; x_wconf 70' lang='lat' dir='ltr'><strong>coictus</strong></span> <span class='ocrx_word' id='word_1_26' title='bbox 1044 762 1105 815; x_wconf 87' lang='lat' dir='ltr'><strong>est.</strong></span> 
     </span>
     <span class='ocr_line' id='line_1_5' title="bbox 181 853 1243 935; baseline 0.005 -19"><span class='ocrx_word' id='word_1_27' title='bbox 181 854 268 916; x_wconf 92' lang='lat' dir='ltr'><strong>Tum</strong></span> <span class='ocrx_word' id='word_1_28' title='bbox 296 853 397 916; x_wconf 74' lang='lat' dir='ltr'><strong>duces</strong></span> <span class='ocrx_word' id='word_1_29' title='bbox 427 853 635 928; x_wconf 80' lang='lat' dir='ltr'><strong>Nerviorum,</strong></span> <span class='ocrx_word' id='word_1_30' title='bbox 661 863 717 935; x_wconf 93' lang='lat' dir='ltr'><strong>qui</strong></span> <span class='ocrx_word' id='word_1_31' title='bbox 744 853 887 935; x_wconf 88' lang='lat' dir='ltr'><strong>aliquam</strong></span> <span class='ocrx_word' id='word_1_32' title='bbox 918 875 1053 918; x_wconf 86' lang='lat' dir='ltr'><strong>causam</strong></span> <span class='ocrx_word' id='word_1_33' title='bbox 1079 856 1243 921; x_wconf 84' lang='lat' dir='ltr'><strong>amicitiae</strong></span> 
     </span>
     <span class='ocr_line' id='line_1_6' title="bbox 113 957 1240 1040; baseline 0.004 -20"><span class='ocrx_word' id='word_1_34' title='bbox 113 976 213 1031; x_wconf 79' lang='lat' dir='ltr'><strong>scum</strong></span> <span class='ocrx_word' id='word_1_35' title='bbox 237 957 398 1021; x_wconf 81' lang='lat' dir='ltr'><strong>Cicerone</strong></span> <span class='ocrx_word' id='word_1_36' title='bbox 423 957 600 1032; x_wconf 75' lang='lat' dir='ltr'><strong>habebant,</strong></span> <span class='ocrx_word' id='word_1_37' title='bbox 625 957 865 1040; x_wconf 75' lang='lat' dir='ltr'><strong>colloqui&#39;sese</strong></span> <span class='ocrx_word' id='word_1_38' title='bbox 884 959 968 1022; x_wconf 89' lang='lat' dir='ltr'><strong>velle</strong></span> <span class='ocrx_word' id='word_1_39' title='bbox 994 962 1240 1024; x_wconf 62' lang='lat' dir='ltr'><strong>nuntiaverunt.</strong></span> 
     </span>
     <span class='ocr_line' id='line_1_7' title="bbox 83 1062 1242 1147; baseline 0.003 -23"><span class='ocrx_word' id='word_1_40' title='bbox 83 1083 85 1088; x_wconf 92' lang='lat'>·</span> <span class='ocrx_word' id='word_1_41' title='bbox 139 1063 243 1124; x_wconf 71' lang='lat' dir='ltr'><strong>Facti</strong></span> <span class='ocrx_word' id='word_1_42' title='bbox 271 1069 445 1143; x_wconf 73' lang='lat' dir='ltr'><strong>potestate,</strong></span> <span class='ocrx_word' id='word_1_43' title='bbox 474 1062 590 1124; x_wconf 90' lang='lat' dir='ltr'><strong>eadem</strong></span> <span class='ocrx_word' id='word_1_44' title='bbox 619 1074 890 1138; x_wconf 88' lang='lat' dir='ltr'><strong>commemorant,</strong></span> <span class='ocrx_word' id='word_1_45' title='bbox 922 1085 1007 1147; x_wconf 90' lang='lat' dir='ltr'><strong>quae</strong></span> <span class='ocrx_word' id='word_1_46' title='bbox 1039 1065 1139 1147; x_wconf 78' lang='lat' dir='ltr'><strong>paulo</strong></span> <span class='ocrx_word' id='word_1_47' title='bbox 1166 1076 1242 1128; x_wconf 91' lang='lat' dir='ltr'><strong>aute</strong></span> 
     </span>
     <span class='ocr_line' id='line_1_8' title="bbox 139 1168 1243 1249; baseline 0 -18"><span class='ocrx_word' id='word_1_48' title='bbox 139 1169 313 1233; x_wconf 83' lang='lat' dir='ltr'><strong>Ambiorix</strong></span> <span class='ocrx_word' id='word_1_49' title='bbox 337 1190 411 1232; x_wconf 91' lang='lat' dir='ltr'><strong>cum</strong></span> <span class='ocrx_word' id='word_1_50' title='bbox 439 1169 563 1233; x_wconf 82' lang='lat' dir='ltr'><strong>Sabino</strong></span> <span class='ocrx_word' id='word_1_51' title='bbox 588 1175 711 1249; x_wconf 76' lang='lat' dir='ltr'><strong>egerat.</strong></span> <span class='ocrx_word' id='word_1_52' title='bbox 761 1168 902 1232; x_wconf 90' lang='lat' dir='ltr'>Addunt</span> <span class='ocrx_word' id='word_1_53' title='bbox 931 1169 1030 1232; x_wconf 86' lang='lat' dir='ltr'><strong>etiam</strong></span> <span class='ocrx_word' id='word_1_54' title='bbox 1058 1170 1100 1233; x_wconf 73' lang='lat' dir='ltr'><strong>de</strong></span> <span class='ocrx_word' id='word_1_55' title='bbox 1129 1170 1243 1233; x_wconf 92' lang='lat' dir='ltr'><strong>Sabini</strong></span> 
     </span>
     <span class='ocr_line' id='line_1_9' title="bbox 140 1272 1242 1356; baseline 0.001 -21"><span class='ocrx_word' id='word_1_56' title='bbox 140 1284 252 1348; x_wconf 88' lang='lat' dir='ltr'><strong>morte,</strong></span> <span class='ocrx_word' id='word_1_57' title='bbox 275 1283 309 1337; x_wconf 91' lang='lat' dir='ltr'><strong>et</strong></span> <span class='ocrx_word' id='word_1_58' title='bbox 330 1274 531 1336; x_wconf 76' lang='lat' dir='ltr'><strong>confirmant</strong></span> <span class='ocrx_word' id='word_1_59' title='bbox 550 1279 586 1334; x_wconf 73' lang='lat' dir='ltr'><strong>se</strong></span> <span class='ocrx_word' id='word_1_60' title='bbox 606 1272 688 1334; x_wconf 91' lang='lat' dir='ltr'><strong>nihil</strong></span> <span class='ocrx_word' id='word_1_61' title='bbox 711 1280 865 1336; x_wconf 77' lang='lat' dir='ltr'><strong>recusaire</strong></span> <span class='ocrx_word' id='word_1_62' title='bbox 888 1273 952 1336; x_wconf 93' lang='lat' dir='ltr'><strong>nisi</strong></span> <span class='ocrx_word' id='word_1_63' title='bbox 973 1273 1121 1349; x_wconf 88' lang='lat' dir='ltr'><strong>hiberna,</strong></span> <span class='ocrx_word' id='word_1_64' title='bbox 1143 1282 1242 1356; x_wconf 89' lang='lat' dir='ltr'><strong>atque</strong></span> 
     </span>
     <span class='ocr_line' id='line_1_10' title="bbox 138 1378 1241 1459; baseline 0 -19"><span class='ocrx_word' id='word_1_65' title='bbox 138 1379 225 1442; x_wconf 88' lang='lat' dir='ltr'><strong>banc</strong></span> <span class='ocrx_word' id='word_1_66' title='bbox 253 1378 492 1442; x_wconf 75' lang='lat' dir='ltr'><strong>inveterascere</strong></span> <span class='ocrx_word' id='word_1_67' title='bbox 523 1378 799 1441; x_wconf 71' lang='lat' dir='ltr'><strong>consuetudinem</strong></span> <span class='ocrx_word' id='word_1_68' title='bbox 833 1378 939 1455; x_wconf 80' lang='lat' dir='ltr'><strong>nolle;</strong></span> <span class='ocrx_word' id='word_1_69' title='bbox 971 1398 1070 1459; x_wconf 91' lang='lat' dir='ltr'><strong>quam</strong></span> <span class='ocrx_word' id='word_1_70' title='bbox 1103 1379 1145 1441; x_wconf 93' lang='lat' dir='ltr'><strong>ob</strong></span> <span class='ocrx_word' id='word_1_71' title='bbox 1173 1398 1241 1440; x_wconf 93' lang='lat' dir='ltr'><strong>rem</strong></span> 
     </span>
     <span class='ocr_line' id='line_1_11' title="bbox 99 1482 1244 1564; baseline 0.005 -25"><span class='ocrx_word' id='word_1_72' title='bbox 99 1504 129 1540; x_wconf 86' lang='grc' dir='ltr'><strong>ιο</strong></span> <span class='ocrx_word' id='word_1_73' title='bbox 141 1484 300 1545; x_wconf 74' lang='lat' dir='ltr'><strong>Roma‘mis</strong></span> <span class='ocrx_word' id='word_1_74' title='bbox 324 1482 423 1546; x_wconf 74' lang='lat' dir='ltr'><strong>licere</strong></span> <span class='ocrx_word' id='word_1_75' title='bbox 447 1482 668 1544; x_wconf 89' lang='lat' dir='ltr'><strong>incolumibus</strong></span> <span class='ocrx_word' id='word_1_76' title='bbox 692 1503 732 1544; x_wconf 91' lang='lat' dir='ltr'><strong>ex</strong></span> <span class='ocrx_word' id='word_1_77' title='bbox 755 1492 871 1545; x_wconf 92' lang='lat' dir='ltr'><strong>castris</strong></span> <span class='ocrx_word' id='word_1_78' title='bbox 896 1482 1068 1545; x_wconf 75' lang='lat' dir='ltr'><strong>discedere</strong></span> <span class='ocrx_word' id='word_1_79' title='bbox 1092 1493 1126 1545; x_wconf 90' lang='lat' dir='ltr'><strong>et</strong></span> <span class='ocrx_word' id='word_1_80' title='bbox 1149 1489 1244 1564; x_wconf 76' lang='lat' dir='ltr'><strong>quais-</strong></span> 
     </span>
     <span class='ocr_line' id='line_1_12' title="bbox 138 1586 991 1669; baseline 0 -21"><span class='ocrx_word' id='word_1_81' title='bbox 138 1605 280 1669; x_wconf 91' lang='lat' dir='ltr'><strong>cumque</strong></span> <span class='ocrx_word' id='word_1_82' title='bbox 296 1586 331 1648; x_wconf 93' lang='lat' dir='ltr'><strong>in</strong></span> <span class='ocrx_word' id='word_1_83' title='bbox 347 1593 459 1669; x_wconf 74' lang='lat' dir='ltr'><strong>partes</strong></span> <span class='ocrx_word' id='word_1_84' title='bbox 476 1587 579 1649; x_wconf 91' lang='lat' dir='ltr'><strong>velint</strong></span> <span class='ocrx_word' id='word_1_85' title='bbox 595 1588 667 1650; x_wconf 92' lang='lat' dir='ltr'><strong>sine</strong></span> <span class='ocrx_word' id='word_1_86' title='bbox 683 1586 801 1650; x_wconf 78' lang='lat' dir='ltr'><strong>timore</strong></span> <span class='ocrx_word' id='word_1_87' title='bbox 819 1587 991 1668; x_wconf 85' lang='lat' dir='ltr'><strong>proficisci.</strong></span> 
     </span>
    </p>
   </div>
   <div class='ocr_carea' id='block_1_3' title="bbox 405 1805 981 2055">
    <p class='ocr_par' dir='ltr' id='par_1_3' title="bbox 405 1805 981 2055">
     <span class='ocr_line' id='line_1_13' title="bbox 548 1805 830 1870; baseline 0 -3"><span class='ocrx_word' id='word_1_88' title='bbox 548 1805 732 1870; x_wconf 91' lang='lat' dir='ltr'><strong>LESSON</strong></span> <span class='ocrx_word' id='word_1_89' title='bbox 769 1821 830 1867; x_wconf 92' lang='lat'><strong>110</strong></span> 
     </span>
     <span class='ocr_line' id='line_1_14' title="bbox 405 1971 981 2055; baseline 0.003 -21"><span class='ocrx_word' id='word_1_90' title='bbox 405 1972 526 2035; x_wconf 82' lang='lat' dir='ltr'><strong>Herot&#39;c</strong></span> <span class='ocrx_word' id='word_1_91' title='bbox 548 1973 692 2055; x_wconf 85' lang='lat' dir='ltr'><strong>Defense</strong></span> <span class='ocrx_word' id='word_1_92' title='bbox 713 1973 753 2054; x_wconf 83' lang='lat' dir='ltr'><strong>os</strong></span> <span class='ocrx_word' id='word_1_93' title='bbox 770 1972 857 2035; x_wconf 75' lang='lat' dir='ltr'><strong>their</strong></span> <span class='ocrx_word' id='word_1_94' title='bbox 880 1971 981 2054; x_wconf 78' lang='lat' dir='ltr'><strong>Camp</strong></span> 
     </span>
    </p>
   </div>
   <div class='ocr_carea' id='block_1_4' title="bbox 32 2127 1244 2626">
    <p class='ocr_par' dir='ltr' id='par_1_4' title="bbox 138 2127 1243 2416">
     <span class='ocr_line' id='line_1_15' title="bbox 182 2127 1241 2209; baseline 0.001 -20"><span class='ocrx_word' id='word_1_95' title='bbox 182 2127 230 2189; x_wconf 87' lang='lat' dir='ltr'><strong>At</strong></span> <span class='ocrx_word' id='word_1_96' title='bbox 253 2127 379 2201; x_wconf 79' lang='lat' dir='ltr'><strong>Cicero,</strong></span> <span class='ocrx_word' id='word_1_97' title='bbox 397 2134 453 2209; x_wconf 93' lang='lat' dir='ltr'><strong>qui</strong></span> <span class='ocrx_word' id='word_1_98' title='bbox 477 2127 604 2189; x_wconf 79' lang='lat' dir='ltr'><strong>iniussu</strong></span> <span class='ocrx_word' id='word_1_99' title='bbox 630 2127 783 2191; x_wconf 87' lang='lat' dir='ltr'><strong>Caesaris</strong></span> <span class='ocrx_word' id='word_1_100' title='bbox 807 2138 916 2191; x_wconf 88' lang='lat' dir='ltr'><strong>castra</strong></span> <span class='ocrx_word' id='word_1_101' title='bbox 940 2135 1073 2191; x_wconf 77' lang='lat' dir='ltr'><strong>movere</strong></span> <span class='ocrx_word' id='word_1_102' title='bbox 1097 2127 1241 2203; x_wconf 80' lang='lat' dir='ltr'><strong>nolebat,</strong></span> 
     </span>
     <span class='ocr_line' id='line_1_16' title="bbox 139 2231 1243 2314; baseline -0.003 -18"><span class='ocrx_word' id='word_1_103' title='bbox 139 2232 243 2296; x_wconf 89' lang='lat' dir='ltr'><strong>Gallis</strong></span> <span class='ocrx_word' id='word_1_104' title='bbox 266 2231 438 2311; x_wconf 86' lang='lat' dir='ltr'><strong>respoudit</strong></span> <span class='ocrx_word' id='word_1_105' title='bbox 461 2238 528 2293; x_wconf 80' lang='lat' dir='ltr'><strong>nou</strong></span> <span class='ocrx_word' id='word_1_106' title='bbox 553 2251 626 2294; x_wconf 89' lang='lat' dir='ltr'><strong>esse</strong></span> <span class='ocrx_word' id='word_1_107' title='bbox 653 2232 929 2294; x_wconf 63' lang='lat' dir='ltr'><strong>consuitudinem</strong></span> <span class='ocrx_word' id='word_1_108' title='bbox 959 2232 1074 2314; x_wconf 89' lang='lat' dir='ltr'><strong>populi</strong></span> <span class='ocrx_word' id='word_1_109' title='bbox 1099 2232 1243 2294; x_wconf 77' lang='lat' dir='ltr'><strong>Romimi</strong></span> 
     </span>
     <span class='ocr_line' id='line_1_17' title="bbox 138 2335 1243 2416; baseline 0.001 -20"><span class='ocrx_word' id='word_1_110' title='bbox 138 2335 239 2396; x_wconf 77' lang='lat' dir='ltr'><strong>sillam</strong></span> <span class='ocrx_word' id='word_1_111' title='bbox 259 2336 410 2416; x_wconf 91' lang='lat' dir='ltr'><strong>accipere</strong></span> <span class='ocrx_word' id='word_1_112' title='bbox 430 2335 472 2397; x_wconf 93' lang='lat' dir='ltr'><strong>ab</strong></span> <span class='ocrx_word' id='word_1_113' title='bbox 490 2336 586 2398; x_wconf 93' lang='lat' dir='ltr'><strong>hoste</strong></span> <span class='ocrx_word' id='word_1_114' title='bbox 605 2343 733 2398; x_wconf 73' lang='lat' dir='ltr'><strong>armiati&gt;</strong></span> <span class='ocrx_word' id='word_1_115' title='bbox 755 2336 1004 2412; x_wconf 61' lang='lat' dir='ltr'><strong>condicionem</strong></span> <span class='ocrx_word' id='word_1_116' title='bbox 1030 2345 1058 2398; x_wconf 95' lang='lat' dir='ltr'><strong>si</strong></span> <span class='ocrx_word' id='word_1_117' title='bbox 1080 2336 1122 2398; x_wconf 94' lang='lat' dir='ltr'><strong>ab</strong></span> <span class='ocrx_word' id='word_1_118' title='bbox 1144 2344 1243 2398; x_wconf 91' lang='lat' dir='ltr'><strong>armis</strong></span> 
     </span>
    </p>

    <p class='ocr_par' dir='ltr' id='par_1_5' title="bbox 32 2438 1244 2626">
     <span class='ocr_line' id='line_1_18' title="bbox 99 2438 1244 2522; baseline 0.002 -21"><span class='ocrx_word' id='word_1_119' title='bbox 99 2439 307 2508; x_wconf 75' lang='lat' dir='ltr'><strong>¹5discedere</strong></span> <span class='ocrx_word' id='word_1_120' title='bbox 332 2450 431 2520; x_wconf 91' lang='lat' dir='ltr'><strong>atque</strong></span> <span class='ocrx_word' id='word_1_121' title='bbox 455 2438 583 2520; x_wconf 68' lang='lat' dir='ltr'><strong>legitis</strong></span> <span class='ocrx_word' id='word_1_122' title='bbox 607 2440 648 2502; x_wconf 93' lang='lat' dir='ltr'><strong>ad</strong></span> <span class='ocrx_word' id='word_1_123' title='bbox 673 2440 849 2504; x_wconf 87' lang='lat' dir='ltr'><strong>Caesarem</strong></span> <span class='ocrx_word' id='word_1_124' title='bbox 875 2442 1004 2504; x_wconf 89' lang='lat' dir='ltr'><strong>mittere</strong></span> <span class='ocrx_word' id='word_1_125' title='bbox 1021 2439 1155 2515; x_wconf 87' lang='lat' dir='ltr'><strong>vellent,</strong></span> <span class='ocrx_word' id='word_1_126' title='bbox 1172 2447 1244 2522; x_wconf 72' lang='lat' dir='ltr'><strong>spe-</strong></span> 
     </span>
     <span class='ocr_line' id='line_1_19' title="bbox 32 2546 900 2626; baseline 0.002 -21"><span class='ocrx_word' id='word_1_127' title='bbox 32 2547 38 2557; x_wconf 87' lang='grc'><strong>’</strong></span> <span class='ocrx_word' id='word_1_128' title='bbox 137 2551 210 2606; x_wconf 73' lang='lat' dir='ltr'><strong>nire</strong></span> <span class='ocrx_word' id='word_1_129' title='bbox 227 2550 263 2605; x_wconf 75' lang='lat' dir='ltr'><strong>se</strong></span> <span class='ocrx_word' id='word_1_130' title='bbox 279 2551 345 2618; x_wconf 82' lang='lat' dir='ltr'><strong>eos,</strong></span> <span class='ocrx_word' id='word_1_131' title='bbox 363 2564 448 2626; x_wconf 91' lang='lat' dir='ltr'><strong>quae</strong></span> <span class='ocrx_word' id='word_1_132' title='bbox 465 2553 637 2625; x_wconf 88' lang='lat' dir='ltr'><strong>petissent,</strong></span> <span class='ocrx_word' id='word_1_133' title='bbox 655 2546 900 2626; x_wconf 70' lang='lat' dir='ltr'><strong>impetritiiros.</strong></span> 
     </span>
    </p>
   </div>
   <div class='ocr_carea' id='block_1_5' title="bbox 135 2688 1244 3897">
    <p class='ocr_par' dir='ltr' id='par_1_6' title="bbox 135 2688 1244 2919">
     <span class='ocr_line' id='line_1_20' title="bbox 183 2688 1242 2756; baseline 0.003 -19"><span class='ocrx_word' id='word_1_134' title='bbox 183 2705 205 2738; x_wconf 88' lang='lat'><strong>1.</strong></span> <span class='ocrx_word' id='word_1_135' title='bbox 232 2688 348 2753; x_wconf 73' lang='lat' dir='ltr'><strong>quietis:</strong></span> <span class='ocrx_word' id='word_1_136' title='bbox 393 2690 476 2754; x_wconf 72' lang='lat' dir='ltr'><strong>quies,</strong></span> <span class='ocrx_word' id='word_1_137' title='bbox 510 2691 581 2754; x_wconf 63' lang='lat' dir='ltr'><strong>etis,</strong></span> <span class='ocrx_word' id='word_1_138' title='bbox 624 2703 662 2756; x_wconf 53' lang='grc' dir='ltr'><strong>ἢ,</strong></span> <span class='ocrx_word' id='word_1_139' title='bbox 776 2706 801 2751; x_wconf 87' lang='lat'><strong>9·</strong></span> <span class='ocrx_word' id='word_1_140' title='bbox 830 2691 898 2740; x_wconf 79' lang='lat' dir='ltr'><strong>hanc</strong></span> <span class='ocrx_word' id='word_1_141' title='bbox 920 2729 926 2740; x_wconf 93' lang='lat'><strong>.</strong></span> <span class='ocrx_word' id='word_1_142' title='bbox 950 2727 956 2740; x_wconf 95' lang='lat'><strong>.</strong></span> <span class='ocrx_word' id='word_1_143' title='bbox 980 2727 985 2740; x_wconf 93' lang='lat'><strong>.</strong></span> <span class='ocrx_word' id='word_1_144' title='bbox 1007 2690 1242 2742; x_wconf 73' lang='lat' dir='ltr'><strong>eonsuetidinem:</strong></span> 
     </span>
     <span class='ocr_line' id='line_1_21' title="bbox 136 2768 1244 2839; baseline 0 -17"><span class='ocrx_word' id='word_1_145' title='bbox 136 2775 200 2822; x_wconf 81' lang='lat' dir='ltr'><strong>rest.</strong></span> <span class='ocrx_word' id='word_1_146' title='bbox 212 2801 246 2807; x_wconf 93' lang='lat'><em>-</em></span> <span class='ocrx_word' id='word_1_147' title='bbox 254 2771 431 2821; x_wconf 74' lang='lat' dir='ltr'><strong>tenuissimi:</strong></span> <span class='ocrx_word' id='word_1_148' title='bbox 458 2772 557 2837; x_wconf 85' lang='lat' dir='ltr'><strong>tenuis,</strong></span> <span class='ocrx_word' id='word_1_149' title='bbox 570 2773 614 2836; x_wconf 87' lang='lat' dir='ltr'><strong>-is,</strong></span> <span class='ocrx_word' id='word_1_150' title='bbox 627 2785 661 2837; x_wconf 86' lang='lat' dir='ltr'><strong>-e,</strong></span> <span class='ocrx_word' id='word_1_151' title='bbox 714 2771 759 2822; x_wconf 77' lang='lat' dir='ltr'><strong>ie.</strong></span> <span class='ocrx_word' id='word_1_152' title='bbox 770 2768 817 2823; x_wconf 92' lang='lat' dir='ltr'><strong>the</strong></span> <span class='ocrx_word' id='word_1_153' title='bbox 825 2769 943 2838; x_wconf 85' lang='lat' dir='ltr'><strong>practice</strong></span> <span class='ocrx_word' id='word_1_154' title='bbox 954 2768 1170 2839; x_wconf 83' lang='lat' dir='ltr'><strong>olquarteringa</strong></span> <span class='ocrx_word' id='word_1_155' title='bbox 1179 2769 1244 2822; x_wconf 91' lang='lat' dir='ltr'><strong>divi·</strong></span> 
     </span>
     <span class='ocr_line' id='line_1_22' title="bbox 135 2849 1244 2919; baseline 0.003 -18"><span class='ocrx_word' id='word_1_156' title='bbox 135 2849 217 2919; x_wconf 82' lang='lat' dir='ltr'><strong>slight</strong></span> <span class='ocrx_word' id='word_1_157' title='bbox 225 2867 235 2915; x_wconf 70' lang='grc' dir='ltr'><strong><em>ς</em></strong></span> <span class='ocrx_word' id='word_1_158' title='bbox 263 2849 334 2916; x_wconf 90' lang='lat' dir='ltr'><strong>here,</strong></span> <span class='ocrx_word' id='word_1_159' title='bbox 355 2853 435 2919; x_wconf 74' lang='lat' dir='ltr'><strong>poor.</strong></span> <span class='ocrx_word' id='word_1_160' title='bbox 715 2850 776 2904; x_wconf 95' lang='lat' dir='ltr'><strong>sion</strong></span> <span class='ocrx_word' id='word_1_161' title='bbox 791 2849 822 2904; x_wconf 89' lang='lat' dir='ltr'><strong>os</strong></span> <span class='ocrx_word' id='word_1_162' title='bbox 831 2850 878 2904; x_wconf 85' lang='lat' dir='ltr'><strong>the</strong></span> <span class='ocrx_word' id='word_1_163' title='bbox 888 2866 964 2919; x_wconf 89' lang='lat' dir='ltr'><strong>army</strong></span> <span class='ocrx_word' id='word_1_164' title='bbox 974 2867 1047 2919; x_wconf 93' lang='lat' dir='ltr'><strong>upon</strong></span> <span class='ocrx_word' id='word_1_165' title='bbox 1061 2850 1135 2903; x_wconf 92' lang='lat' dir='ltr'><strong>them</strong></span> <span class='ocrx_word' id='word_1_166' title='bbox 1146 2849 1188 2904; x_wconf 87' lang='lat' dir='ltr'><strong>for</strong></span> <span class='ocrx_word' id='word_1_167' title='bbox 1196 2850 1244 2904; x_wconf 91' lang='lat' dir='ltr'><strong>the</strong></span> 
     </span>
    </p>

    <p class='ocr_par' dir='ltr' id='par_1_7' title="bbox 136 2929 1244 3250">
     <span class='ocr_line' id='line_1_23' title="bbox 181 2929 1244 3006; baseline -0.002 -21"><span class='ocrx_word' id='word_1_168' title='bbox 181 2952 205 2985; x_wconf 87' lang='lat'><strong>2.</strong></span> <span class='ocrx_word' id='word_1_169' title='bbox 233 2936 408 2987; x_wconf 73' lang='lat' dir='ltr'><strong>valetudine:</strong></span> <span class='ocrx_word' id='word_1_170' title='bbox 431 2934 463 2989; x_wconf 80' lang='lat' dir='ltr'><strong>cs.</strong></span> <span class='ocrx_word' id='word_1_171' title='bbox 479 2954 507 3006; x_wconf 87' lang='lat' dir='ltr'><strong>p.</strong></span> <span class='ocrx_word' id='word_1_172' title='bbox 527 2951 584 2998; x_wconf 86' lang='lat'>110,</span> <span class='ocrx_word' id='word_1_173' title='bbox 599 2929 621 2987; x_wconf 76' lang='lat' dir='ltr'><strong>l.</strong></span> <span class='ocrx_word' id='word_1_174' title='bbox 634 2951 660 3005; x_wconf 91' lang='lat'><strong>9.</strong></span> <span class='ocrx_word' id='word_1_175' title='bbox 714 2931 818 2984; x_wconf 87' lang='lat' dir='ltr'><strong>winter.</strong></span> <span class='ocrx_word' id='word_1_176' title='bbox 836 2961 871 2971; x_wconf 89' lang='lat'>—</span> <span class='ocrx_word' id='word_1_177' title='bbox 884 2933 1102 2983; x_wconf 73' lang='lat' dir='ltr'><strong>inveterascere:</strong></span> <span class='ocrx_word' id='word_1_178' title='bbox 1140 2932 1244 2984; x_wconf 85' lang='lat' dir='ltr'><strong>invete-</strong></span> 
     </span>
     <span class='ocr_line' id='line_1_24' title="bbox 136 3011 1199 3086; baseline -0.006 -18"><span class='ocrx_word' id='word_1_179' title='bbox 136 3015 198 3068; x_wconf 91' lang='lat' dir='ltr'><strong>The</strong></span> <span class='ocrx_word' id='word_1_180' title='bbox 219 3015 273 3069; x_wconf 88' lang='lat' dir='ltr'><strong>abl.</strong></span> <span class='ocrx_word' id='word_1_181' title='bbox 298 3016 397 3085; x_wconf 89' lang='lat' dir='ltr'><strong>phrase</strong></span> <span class='ocrx_word' id='word_1_182' title='bbox 410 3034 551 3086; x_wconf 84' lang='lat' dir='ltr'><strong>expresses</strong></span> <span class='ocrx_word' id='word_1_183' title='bbox 560 3014 663 3086; x_wconf 89' lang='lat' dir='ltr'><strong>quality</strong></span> <span class='ocrx_word' id='word_1_184' title='bbox 714 3017 796 3079; x_wconf 66' lang='lat' dir='ltr'><strong>riscb,</strong></span> <span class='ocrx_word' id='word_1_185' title='bbox 810 3028 836 3080; x_wconf 89' lang='lat'><strong>3,</strong></span> <span class='ocrx_word' id='word_1_186' title='bbox 854 3016 995 3078; x_wconf 73' lang='lat' dir='ltr'><strong>-veten&#39;evi,</strong></span> <span class='ocrx_word' id='word_1_187' title='bbox 1004 3012 1103 3064; x_wconf 87' lang='lat' dir='ltr'><strong>become</strong></span> <span class='ocrx_word' id='word_1_188' title='bbox 1113 3011 1199 3080; x_wconf 82' lang='lat' dir='ltr'><strong>fixed.</strong></span> 
     </span>
     <span class='ocr_line' id='line_1_25' title="bbox 136 3091 1242 3161; baseline -0.005 -12"><span class='ocrx_word' id='word_1_189' title='bbox 136 3112 168 3149; x_wconf 95' lang='lat' dir='ltr'><strong>or</strong></span> <span class='ocrx_word' id='word_1_190' title='bbox 189 3097 406 3158; x_wconf 74' lang='lat' dir='ltr'><strong>characteristic:</strong></span> <span class='ocrx_word' id='word_1_191' title='bbox 433 3097 467 3151; x_wconf 83' lang='lat' dir='ltr'><strong>cs.</strong></span> <span class='ocrx_word' id='word_1_192' title='bbox 489 3098 537 3151; x_wconf 89' lang='lat' dir='ltr'><strong>the</strong></span> <span class='ocrx_word' id='word_1_193' title='bbox 561 3096 664 3150; x_wconf 86' lang='lat' dir='ltr'><strong>similar</strong></span> <span class='ocrx_word' id='word_1_194' title='bbox 758 3111 797 3145; x_wconf 88' lang='lat'><strong>10.</strong></span> <span class='ocrx_word' id='word_1_195' title='bbox 824 3095 1016 3146; x_wconf 85' lang='lat' dir='ltr'><strong>incolumibus:</strong></span> <span class='ocrx_word' id='word_1_196' title='bbox 1044 3093 1120 3161; x_wconf 88' lang='lat' dir='ltr'><strong>pred.</strong></span> <span class='ocrx_word' id='word_1_197' title='bbox 1142 3091 1242 3145; x_wconf 91' lang='lat' dir='ltr'><strong>dat.—</strong></span> 
     </span>
     <span class='ocr_line' id='line_1_26' title="bbox 136 3177 1243 3250; baseline -0.007 -20"><span class='ocrx_word' id='word_1_198' title='bbox 136 3195 184 3231; x_wconf 90' lang='lat' dir='ltr'><strong>use</strong></span> <span class='ocrx_word' id='word_1_199' title='bbox 197 3177 228 3231; x_wconf 84' lang='lat' dir='ltr'><strong>of</strong></span> <span class='ocrx_word' id='word_1_200' title='bbox 237 3178 284 3232; x_wconf 92' lang='lat' dir='ltr'><strong>the</strong></span> <span class='ocrx_word' id='word_1_201' title='bbox 300 3179 431 3250; x_wconf 80' lang='lat' dir='ltr'><strong>genitive.</strong></span> <span class='ocrx_word' id='word_1_202' title='bbox 714 3179 911 3241; x_wconf 71' lang='lat' dir='ltr'><strong>quiscumque:</strong></span> <span class='ocrx_word' id='word_1_203' title='bbox 926 3177 1092 3239; x_wconf 86' lang='lat' dir='ltr'><strong>quicumque,</strong></span> <span class='ocrx_word' id='word_1_204' title='bbox 1103 3186 1243 3238; x_wconf 85' lang='lat' dir='ltr'><strong>quaecum·</strong></span> 
     </span>
    </p>

    <p class='ocr_par' dir='ltr' id='par_1_8' title="bbox 180 3252 1168 3331">
     <span class='ocr_line' id='line_1_27' title="bbox 180 3252 1168 3331; baseline -0.009 -18"><span class='ocrx_word' id='word_1_205' title='bbox 180 3278 205 3324; x_wconf 89' lang='lat'><strong>4.</strong></span> <span class='ocrx_word' id='word_1_206' title='bbox 232 3275 356 3313; x_wconf 84' lang='lat' dir='ltr'><strong>causam:</strong></span> <span class='ocrx_word' id='word_1_207' title='bbox 376 3263 420 3313; x_wconf 83' lang='lat' dir='ltr'><strong>ie.</strong></span> <span class='ocrx_word' id='word_1_208' title='bbox 430 3261 553 3331; x_wconf 81' lang='lat' dir='ltr'><strong>ground.</strong></span> <span class='ocrx_word' id='word_1_209' title='bbox 714 3271 773 3324; x_wconf 84' lang='lat' dir='ltr'><strong>que,</strong></span> <span class='ocrx_word' id='word_1_210' title='bbox 787 3259 977 3322; x_wconf 82' lang='lat' dir='ltr'><strong>quodcumque,</strong></span> <span class='ocrx_word' id='word_1_211' title='bbox 990 3252 1168 3306; x_wconf 83' lang='lat' dir='ltr'><strong>whatsoever.</strong></span> 
     </span>
    </p>

    <p class='ocr_par' dir='ltr' id='par_1_9' title="bbox 136 3333 1243 3735">
     <span class='ocr_line' id='line_1_28' title="bbox 180 3333 1243 3408; baseline -0.008 -16"><span class='ocrx_word' id='word_1_212' title='bbox 180 3347 204 3392; x_wconf 83' lang='lat'><strong>6.</strong></span> <span class='ocrx_word' id='word_1_213' title='bbox 229 3345 382 3408; x_wconf 75' lang='lat' dir='ltr'><strong>potestite:</strong></span> <span class='ocrx_word' id='word_1_214' title='bbox 413 3345 457 3395; x_wconf 76' lang='lat' dir='ltr'><strong>ie.</strong></span> <span class='ocrx_word' id='word_1_215' title='bbox 478 3341 662 3394; x_wconf 59' lang='lat' dir='ltr'><strong>facultatu-</strong></span> <span class='ocrx_word' id='word_1_216' title='bbox 758 3355 797 3401; x_wconf 87' lang='lat'><strong>¹4·</strong></span> <span class='ocrx_word' id='word_1_217' title='bbox 826 3338 924 3389; x_wconf 81' lang='lat' dir='ltr'><strong>illam:</strong></span> <span class='ocrx_word' id='word_1_218' title='bbox 965 3333 1091 3388; x_wconf 85' lang='lat' dir='ltr'><strong>modilier</strong></span> <span class='ocrx_word' id='word_1_219' title='bbox 1123 3333 1156 3387; x_wconf 84' lang='lat' dir='ltr'><strong>ol</strong></span> <span class='ocrx_word' id='word_1_220' title='bbox 1182 3345 1243 3385; x_wconf 85' lang='lat' dir='ltr'><strong>con·</strong></span> 
     </span>
     <span class='ocr_line' id='line_1_29' title="bbox 136 3421 854 3477; baseline -0.008 -1"><span class='ocrx_word' id='word_1_221' title='bbox 136 3425 359 3477; x_wconf 79' lang='lat' dir='ltr'><strong>commemorant:</strong></span> <span class='ocrx_word' id='word_1_222' title='bbox 392 3425 435 3475; x_wconf 73' lang='lat' dir='ltr'><strong>ie.</strong></span> <span class='ocrx_word' id='word_1_223' title='bbox 466 3425 566 3475; x_wconf 81' lang='lat' dir='ltr'><strong>dicunt.</strong></span> <span class='ocrx_word' id='word_1_224' title='bbox 629 3423 662 3475; x_wconf 90' lang='lat' dir='ltr'><strong>ln</strong></span> <span class='ocrx_word' id='word_1_225' title='bbox 713 3421 854 3474; x_wconf 74' lang='lat' dir='ltr'><strong>dicionem.</strong></span> 
     </span>
     <span class='ocr_line' id='line_1_30' title="bbox 136 3493 1222 3572; baseline -0.008 -15"><span class='ocrx_word' id='word_1_226' title='bbox 136 3503 276 3557; x_wconf 89' lang='lat' dir='ltr'><strong>animated</strong></span> <span class='ocrx_word' id='word_1_227' title='bbox 296 3502 444 3568; x_wconf 86' lang='lat' dir='ltr'><strong>narration,</strong></span> <span class='ocrx_word' id='word_1_228' title='bbox 461 3503 508 3556; x_wconf 90' lang='lat' dir='ltr'><strong>the</strong></span> <span class='ocrx_word' id='word_1_229' title='bbox 529 3520 599 3572; x_wconf 90' lang='lat' dir='ltr'><strong>pres.</strong></span> <span class='ocrx_word' id='word_1_230' title='bbox 622 3502 663 3556; x_wconf 91' lang='lat' dir='ltr'><strong>in·</strong></span> <span class='ocrx_word' id='word_1_231' title='bbox 760 3516 799 3564; x_wconf 83' lang='lat'><strong>15.</strong></span> <span class='ocrx_word' id='word_1_232' title='bbox 826 3503 947 3567; x_wconf 67' lang='lat' dir='ltr'><strong>legitis:</strong></span> <span class='ocrx_word' id='word_1_233' title='bbox 969 3517 1000 3555; x_wconf 91' lang='lat' dir='ltr'><strong>as</strong></span> <span class='ocrx_word' id='word_1_234' title='bbox 1014 3517 1051 3555; x_wconf 94' lang='lat' dir='ltr'><strong>on</strong></span> <span class='ocrx_word' id='word_1_235' title='bbox 1064 3516 1092 3569; x_wconf 91' lang='lat' dir='ltr'><strong>p.</strong></span> <span class='ocrx_word' id='word_1_236' title='bbox 1105 3496 1149 3563; x_wconf 85' lang='lat'><strong>48,</strong></span> <span class='ocrx_word' id='word_1_237' title='bbox 1162 3493 1180 3547; x_wconf 93' lang='lat' dir='ltr'><strong>l.</strong></span> <span class='ocrx_word' id='word_1_238' title='bbox 1195 3510 1222 3566; x_wconf 89' lang='lat'><strong>9.</strong></span> 
     </span>
     <span class='ocr_line' id='line_1_31' title="bbox 136 3574 1243 3648; baseline -0.006 -11"><span class='ocrx_word' id='word_1_239' title='bbox 136 3583 189 3638; x_wconf 90' lang='lat' dir='ltr'><strong>dic.</strong></span> <span class='ocrx_word' id='word_1_240' title='bbox 224 3583 247 3637; x_wconf 93' lang='lat' dir='ltr'><strong>is</strong></span> <span class='ocrx_word' id='word_1_241' title='bbox 271 3583 347 3637; x_wconf 83' lang='lat' dir='ltr'><strong>often</strong></span> <span class='ocrx_word' id='word_1_242' title='bbox 365 3583 429 3636; x_wconf 91' lang='lat' dir='ltr'><strong>thus</strong></span> <span class='ocrx_word' id='word_1_243' title='bbox 447 3582 516 3637; x_wconf 91' lang='lat' dir='ltr'><strong>used</strong></span> <span class='ocrx_word' id='word_1_244' title='bbox 540 3582 582 3636; x_wconf 83' lang='lat' dir='ltr'><strong>sor</strong></span> <span class='ocrx_word' id='word_1_245' title='bbox 616 3584 664 3638; x_wconf 86' lang='lat' dir='ltr'><strong>the</strong></span> <span class='ocrx_word' id='word_1_246' title='bbox 761 3588 799 3634; x_wconf 80' lang='lat'><strong>16.</strong></span> <span class='ocrx_word' id='word_1_247' title='bbox 825 3597 908 3648; x_wconf 84' lang='lat' dir='ltr'><strong>quae:</strong></span> <span class='ocrx_word' id='word_1_248' title='bbox 929 3585 971 3636; x_wconf 80' lang='lat' dir='ltr'><strong>ie.</strong></span> <span class='ocrx_word' id='word_1_249' title='bbox 988 3599 1020 3636; x_wconf 78' lang='lat' dir='ltr'><strong>ea</strong></span> <span class='ocrx_word' id='word_1_250' title='bbox 1042 3579 1118 3647; x_wconf 79' lang='lat' dir='ltr'><strong>quae,</strong></span> <span class='ocrx_word' id='word_1_251' title='bbox 1137 3577 1177 3629; x_wconf 85' lang='lat' dir='ltr'><strong>lit.</strong></span> <span class='ocrx_word' id='word_1_252' title='bbox 1198 3574 1243 3630; x_wconf 76' lang='lat' dir='ltr'><strong>tlte</strong></span> 
     </span>
     <span class='ocr_line' id='line_1_32' title="bbox 136 3659 1242 3735; baseline -0.008 -17"><span class='ocrx_word' id='word_1_253' title='bbox 136 3663 246 3735; x_wconf 84' lang='lat' dir='ltr'><strong>perfect.</strong></span> <span class='ocrx_word' id='word_1_254' title='bbox 714 3662 808 3734; x_wconf 81' lang='lat' dir='ltr'><strong>things</strong></span> <span class='ocrx_word' id='word_1_255' title='bbox 831 3663 939 3727; x_wconf 79' lang='lat' dir='ltr'><strong>witich‚·</strong></span> <span class='ocrx_word' id='word_1_256' title='bbox 977 3663 1070 3732; x_wconf 82' lang='lat' dir='ltr'><strong>freely,</strong></span> <span class='ocrx_word' id='word_1_257' title='bbox 1104 3659 1150 3712; x_wconf 81' lang='lat' dir='ltr'><strong>tlte</strong></span> <span class='ocrx_word' id='word_1_258' title='bbox 1181 3673 1242 3710; x_wconf 85' lang='lat' dir='ltr'><strong>con-</strong></span> 
     </span>
    </p>

    <p class='ocr_par' dir='ltr' id='par_1_10' title="bbox 136 3739 1241 3897">
     <span class='ocr_line' id='line_1_33' title="bbox 181 3739 1241 3811; baseline -0.008 -13"><span class='ocrx_word' id='word_1_259' title='bbox 181 3763 205 3811; x_wconf 89' lang='lat'><strong>7.</strong></span> <span class='ocrx_word' id='word_1_260' title='bbox 232 3760 293 3798; x_wconf 92' lang='lat' dir='ltr'><strong>cum</strong></span> <span class='ocrx_word' id='word_1_261' title='bbox 323 3747 425 3798; x_wconf 74' lang='lat' dir='ltr'><strong>Sabini</strong></span> <span class='ocrx_word' id='word_1_262' title='bbox 459 3747 565 3810; x_wconf 73' lang='lat' dir='ltr'><strong>egeret:</strong></span> <span class='ocrx_word' id='word_1_263' title='bbox 603 3745 664 3798; x_wconf 84' lang='lat' dir='ltr'><strong>had</strong></span> <span class='ocrx_word' id='word_1_264' title='bbox 714 3746 831 3797; x_wconf 77' lang='lat' dir='ltr'><strong>cessione</strong></span> <span class='ocrx_word' id='word_1_265' title='bbox 865 3744 1165 3810; x_wconf 68' lang='lat' dir='ltr'><strong>euticie-petissent:</strong></span> <span class='ocrx_word' id='word_1_266' title='bbox 1198 3739 1241 3791; x_wconf 79' lang='lat' dir='ltr'><strong>ie.</strong></span> 
     </span>
     <span class='ocr_line' id='line_1_34' title="bbox 136 3822 1241 3897; baseline -0.008 -18"><span class='ocrx_word' id='word_1_267' title='bbox 136 3826 246 3879; x_wconf 81' lang='lat' dir='ltr'><strong>treated</strong></span> <span class='ocrx_word' id='word_1_268' title='bbox 258 3827 303 3897; x_wconf 88' lang='lat' dir='ltr'><strong>(in</strong></span> <span class='ocrx_word' id='word_1_269' title='bbox 315 3825 359 3878; x_wconf 82' lang='lat' dir='ltr'><strong>his</strong></span> <span class='ocrx_word' id='word_1_270' title='bbox 373 3825 510 3895; x_wconf 80' lang='lat' dir='ltr'><strong>dealings)</strong></span> <span class='ocrx_word' id='word_1_271' title='bbox 531 3824 600 3878; x_wconf 74' lang='lat' dir='ltr'><strong>weh</strong></span> <span class='ocrx_word' id='word_1_272' title='bbox 614 3826 667 3879; x_wconf 87' lang='lat' dir='ltr'><strong>Sa·</strong></span> <span class='ocrx_word' id='word_1_273' title='bbox 715 3826 897 3891; x_wconf 69' lang='lat' dir='ltr'><strong>petivissent3</strong></span> <span class='ocrx_word' id='word_1_274' title='bbox 916 3823 951 3878; x_wconf 86' lang='lat' dir='ltr'><strong>cf.</strong></span> <span class='ocrx_word' id='word_1_275' title='bbox 973 3823 1031 3876; x_wconf 89' lang='lat' dir='ltr'><strong>also</strong></span> <span class='ocrx_word' id='word_1_276' title='bbox 1052 3822 1099 3876; x_wconf 83' lang='lat' dir='ltr'><strong>the</strong></span> <span class='ocrx_word' id='word_1_277' title='bbox 1120 3828 1184 3874; x_wconf 90' lang='lat' dir='ltr'><strong>note</strong></span> <span class='ocrx_word' id='word_1_278' title='bbox 1204 3835 1241 3871; x_wconf 90' lang='lat' dir='ltr'><strong>on</strong></span> 
     </span>
    </p>
   </div>
   <div class='ocr_carea' id='block_1_6' title="bbox 136 3903 1134 3972">
    <p class='ocr_par' dir='ltr' id='par_1_11' title="bbox 136 3903 1134 3972">
     <span class='ocr_line' id='line_1_35' title="bbox 136 3903 1134 3972; baseline -0.005 -13"><span class='ocrx_word' id='word_1_279' title='bbox 136 3908 223 3960; x_wconf 82' lang='lat' dir='ltr'><strong>binus.</strong></span> <span class='ocrx_word' id='word_1_280' title='bbox 716 3907 929 3972; x_wconf 76' lang='lat' dir='ltr'><strong>exspectissent,</strong></span> <span class='ocrx_word' id='word_1_281' title='bbox 943 3920 969 3972; x_wconf 93' lang='lat' dir='ltr'><strong>p.</strong></span> <span class='ocrx_word' id='word_1_282' title='bbox 988 3917 1045 3970; x_wconf 83' lang='lat'>104,</span> <span class='ocrx_word' id='word_1_283' title='bbox 1057 3903 1076 3956; x_wconf 91' lang='lat' dir='ltr'><strong>l.</strong></span> <span class='ocrx_word' id='word_1_284' title='bbox 1095 3903 1134 3955; x_wconf 88' lang='lat'><strong>18.</strong></span> 
     </span>
    </p>
   </div>
   <div class='ocr_carea' id='block_1_7' title="bbox 0 0 1465 4296">
    <p class='ocr_par' dir='ltr' id='par_1_12' title="bbox 0 0 1465 4296">
     <span class='ocr_line' id='line_1_36' title="bbox 0 0 1465 4296; baseline 0 0"><span class='ocrx_word' id='word_1_285' title='bbox 0 0 1465 4296; x_wconf 95' lang='lat' dir='ltr'><strong> </strong></span> 
     </span>
    </p>
   </div>
  </div>
 </body>
</html>
