2824 4292
409 284 522 343 mss
548 283 668 341 mum
696 282 860 340 mansu
1142 299 1182 364 31

124 463 247 529 Paucis
270 473 347 548 post
369 472 465 528 annis
485 463 542 529 ille
563 463 694 546 legatus
715 465 880 548 pessimus
901 484 1035 548 quoque
1058 470 1185 548 poenas

73 567 194 646 dedit;
219 589 298 632 nam
324 575 345 632 a
371 575 451 650 rege
476 568 612 631 domum
638 575 822 644 revocatus,
847 575 977 631 summa
1003 567 1186 650 igneminia

74 673 227 738 affectus
256 671 302 736 ibi
332 682 482 737 mortuus
512 681 572 736 est.
621 673 760 736 Interim
789 671 943 755 Virginia
972 673 1185 755 reliquaeque

75 777 274 859 previnciae
295 776 453 861 paulatim
470 775 646 840 validieres
671 776 809 840 fiebant.
857 776 924 840 Sed
945 785 1124 859 antequam
1143 776 1185 839 de

48 880 171 956 sbelle
195 881 322 964 loquor,
339 881 428 964 quod
449 888 566 963 postea
586 879 748 944 acolenis
763 900 838 943 cum
861 881 1030 943 Britannis
1052 889 1182 962 gestum

76 993 141 1060 est,
156 985 320 1067 quaedam
336 984 478 1047 dicenda
494 993 572 1047 sunt
587 983 629 1046 de
645 993 759 1066 puero,
771 991 829 1065 qui
844 982 1024 1065 imperator
1035 1002 1185 1045 summus

76 1086 358 1151 Americanerum
375 1087 507 1151 iuturus
523 1096 603 1151 erat

506 1377 690 1444 LESSON
723 1391 765 1459 27

291 1560 358 1626 lee
378 1560 536 1644 Boylzood
552 1561 595 1643 of
612 1559 736 1644 Georgo
767 1561 980 1645 Waslrington

96 1790 98 1794 ¹
126 1715 193 1780 Hic
215 1735 306 1799 puer,
329 1721 386 1798 qui
406 1715 573 1797 Vasingte
594 1714 833 1797 appellabatur,
855 1716 890 1777 in
911 1715 1063 1797 Virginia
1085 1724 1183 1781 natus

79 1829 132 1884 est
148 1818 322 1902 sexaginta
337 1820 408 1883 fere
424 1826 521 1881 annis
540 1828 617 1900 post
631 1818 765 1895 bellurn,
782 1819 871 1901 quod
892 1839 967 1882 curn
984 1819 1095 1901 legate
1111 1822 1183 1884 eius

38 1945 71 1983 ιο
80 1922 271 2005 previnciae
295 1931 446 2005 gesserat
472 1923 561 1986 Bece
584 1921 648 1998 ille,
674 1922 716 1985 de
742 1930 810 2005 que
831 1922 930 1986 modo
953 1923 1028 1986 dixi.
1076 1925 1183 1987 Puere

80 2035 152 2090 erat
175 2026 280 2090 trater
301 2029 413 2102 maior,
430 2034 488 2108 qui
512 2025 665 2089 tribanus
690 2025 830 2090 militum
852 2026 963 2090 factus
988 2026 1030 2089 ad
1056 2025 1180 2090 bellum

81 2129 214 2206 abierat,
232 2130 321 2213 quod
346 2131 592 2194 Britannicum
618 2130 780 2211 Hispanis
802 2140 873 2193 tum
896 2130 1057 2212 gerebant
1077 2138 1126 2195 eis
1146 2131 1180 2194 in

78 2235 205 2311 insulis,
222 2234 265 2297 ad
281 2241 365 2318 quas
381 2233 563 2299 Columbus
580 2243 722 2316 primum
739 2241 842 2298 naves
859 2235 996 2317 appulit.

122 2339 295 2420 Vasingte‚
309 2348 485 2421 postquam
503 2338 607 2402 irater
623 2341 664 2402 ad
682 2339 862 2402 exercitum
876 2340 1048 2420 proiectus
1065 2349 1125 2416 est,
1139 2340 1180 2403 de

41 2441 166 2515 isbelle
187 2461 290 2524 saepe
310 2441 498 2524 cogitabat3
525 2462 668 2525 cumque
689 2442 850 2506 ladebant
871 2450 966 2525 pueri
990 2463 1029 2506 ac
1050 2444 1181 2507 simula-

80 2545 160 2609 bant
182 2553 219 2610 se
241 2566 316 2611 esse
339 2547 468 2621 milites,
492 2566 624 2629 semper
647 2556 718 2611 erat
741 2546 796 2610 ille
819 2547 1009 2628 imperator.
1061 2549 1181 2611 Postea

81 2655 166 2725 vere,
182 2669 266 2731 puer
285 2670 428 2732 magnus
450 2659 485 2714 et
499 2650 630 2722 validus
646 2651 766 2726 factus,
783 2650 954 2714 celerrime
975 2649 1096 2714 dicitur
1111 2671 1187 2739 cur--

82 2772 151 2816 rere
167 2753 314 2835 potuisse
330 2774 438 2836 neque
453 2774 576 2836 equum
594 2754 743 2818 timuisse
759 2756 874 2819 iillum.

124 2856 240 2920 Frater
269 2855 334 2919 iam
361 2857 493 2920 volebat
520 2858 764 2940 Vasingtenem
795 2868 932 2922 nautam
964 2859 1042 2934 fieri,
1074 2866 1180 2922 mater

44 2970 188 3024 aoautem
205 2961 311 3024 neluit
320 2981 328 3038 ;
352 2961 464 3043 itaque
479 2962 536 3026 ille
551 2962 641 3026 domi
659 2964 862 3045 aliquamdiu
879 2964 1002 3027 mansit
1017 2973 1051 3027 et
1066 2963 1181 3027 didicit

83 3065 198 3140 omnia,
215 3084 301 3146 quae
324 3063 369 3127 ibi
390 3065 424 3127 in
440 3065 519 3128 hide
534 3065 762 3130 tradebantur.
817 3067 885 3131 Sed
902 3074 1017 3150 paucis
1034 3077 1110 3149 post
1125 3087 1181 3130 an·

123 3264 146 3309 ⁴·
172 3244 294 3298 fiebant:
315 3254 380 3301 note
394 3246 441 3301 tbe
453 3255 541 3302 tense.
700 3255 739 3301 16.
767 3249 928 3315 imperator:
948 3247 1024 3321 pred.
1040 3267 1115 3304 nom.

124 3333 145 3379 ⁶·
170 3328 318 3393 llum&
342 3330 430 3399 (mi-
450 3328 501 3398 Pb)
524 3345 604 3382 ΜΝ·
700 3357 740 3405 ¹⁷·
766 3345 844 3394 vere:
864 3344 1100 3394 mortonem-et:
1115 3339 1182 3395 omit

82 3405 163 3478 timis·
654 3419 682 3473 in
697 3421 903 3476 translation-
909 3422 1015 3476 factus:
1035 3421 1133 3475 render
1144 3420 1182 3492 by

124 3504 146 3553 t·
171 3487 280 3542 fuiflmi
305 3491 379 3542 “att
406 3505 467 3542 ’ΨΜ
482 3489 606 3544 &insted
653 3517 670 3554 a
695 3500 786 3556 clause
805 3501 968 3558 introduced
986 3502 1024 3573 by
1048 3501 1182 3554 “when'’

83 3567 161 3634 sober
181 3567 215 3624 cf·
231 3585 258 3640 r>-
274 3583 300 3636 4,
315 3567 334 3622 ¹·
352 3585 377 3639 3,
392 3567 449 3623 and
470 3586 498 3638 r·
522 3569 563 3636 ¹⁶,
582 3567 600 3622 l·
653 3582 806 3634 -rrcitm
823 3581 1018 3652 cr.p.30‚1.a.

87 3673 124 3730 15.
699 3678 740 3714 ιι.
766 3664 872 3717 omnia:
887 3662 1179 3732 everything.-lride:

123 3749 144 3794 8.
169 3745 251 3796 natus
262 3746 321 3797 est:
342 3741 378 3798 cf.
393 3759 421 3808 p.
437 3757 458 3806 ι,
480 3741 499 3795 l.
517 3756 541 3795 1.
654 3743 781 3809 ideoq-i,
791 3743 935 3808 M.‚sclrool.
947 3744 1179 3796 -tradebanturz

123 3839 145 3888 ⁹·
169 3826 252 3892 pout:
271 3822 336 3879 here
354 3821 537 3892 prepoeition.
653 3823 698 3877 rie.
710 3821 899 3893 wastaught5
917 3821 957 3876 lit.
972 3822 1063 3877 what?
