2824 4292
214 329 254 374 20
537 310 650 368 FIRST
676 311 796 368 LATIN
824 309 989 368 READER

255 494 341 556 Tum
370 494 502 556 demum
527 493 687 576 oppidani
714 495 853 556 alterum
882 495 1028 569 fratrem,
1058 502 1116 575 qui
1141 491 1345 575 Philippus

211 598 451 680 appellabatur,
471 597 514 661 ad
537 598 700 661 coldniam
725 597 941 672 deduxerunt,
965 617 1108 680 eumque
1132 604 1345 680 coegerunt

211 693 308 766 arma'
326 703 438 766 omnia
460 702 601 778 tradere,
624 723 708 784 quae
732 701 804 783 ipse
828 703 1031 784 comitesque
1053 701 1235 778 ferebant;
1269 723 1343 765 nec

211 814 289 871 νότό
311 808 506 870 dimiserunt
532 807 711 882 hominem,
735 807 841 869 ddnec
865 805 1031 886 pollicitus
1054 813 1104 868 est
1127 812 1165 868 se
1189 803 1343 888 reliqua

188 916 344 993 Squoque
360 929 452 972 arma
468 909 676 985 traditurum,
693 929 778 991 quae
794 911 884 971 domi
902 909 979 971 Indi
994 908 1172 972 habebant

638 1286 820 1351 tasson
858 1301 894 1366 17

416 1471 447 1534 T
442 1473 483 1535 lte
507 1471 672 1536 Outbreak
693 1473 734 1554 of
743 1471 841 1554 King
861 1470 1006 1553 Philip's
1039 1471 1118 1536 War

256 1640 438 1723 Philippus,
456 1650 512 1722 qut
533 1651 626 1721 patre
648 1650 681 1703 et
702 1640 806 1703 fratre
828 1649 965 1702 mortuis
984 1641 1049 1702 iam
1068 1640 1140 1720 ipse
1157 1645 1215 1701 rex
1232 1648 1323 1715 erat,

210 1751 312 1806 iratus
328 1744 462 1806 domum
479 1744 660 1826 profectus,
680 1744 782 1806 Indds
798 1743 840 1806 ad
857 1762 949 1806 arma
965 1744 1104 1806 vocavit.
1152 1741 1221 1824 Qui
1237 1763 1321 1806 eum

211 1847 352 1911 libenter
364 1855 470 1911 secuti
485 1856 580 1924 sunt;
603 1855 683 1929 quin
698 1849 798 1910 etiam
815 1847 892 1909 filim
910 1847 1075 1929 quendam
1091 1853 1197 1909 civem
1215 1866 1320 1908 suum

209 1953 458 2030 interfecerunt,
475 1951 564 2034 quod
580 1953 667 2032 regis
682 1951 820 2014 cdnsilia
836 1950 961 2014 coldnis
978 1950 1178 2032 prddiderat.

171 2079 201 2115 ιο
253 2058 436 2139 Complura
456 2057 521 2117 iam
543 2065 638 2118 erant
656 2056 848 2119 coldndrum
868 2054 992 2136 oppida
1003 2073 1010 2130 ;
1036 2054 1094 2117 sed
1112 2054 1188 2116 Indi
1204 2063 1317 2136 primci

208 2173 338 2226 tantum
355 2161 441 2223 villis
461 2161 680 2223 admdverunt
699 2161 787 2240 ignis
807 2159 975 2241 bovesque
994 2165 1196 2240 rapuerunt:
1221 2179 1313 2234 nam,

158 2347 160 2352 Ι
209 2265 472 2329 asacerddtibus
488 2265 614 2339 moniti,
632 2264 800 2327 hominem
816 2264 968 2327 occidere
984 2263 1111 2325 nullum
1129 2271 1201 2326 ausi
1222 2274 1311 2340 sunt,

209 2372 315 2433 ddnec
331 2377 350 2432 5
366 2371 493 2434 coldnis
517 2377 603 2432 unus
627 2390 668 2432 ex
689 2371 838 2452 ipsdrum
867 2375 1006 2430 numeni
1030 2367 1221 2430 vulneratus
1248 2378 1310 2432 est.

209 2477 294 2538 Tum
315 2476 458 2551 demum,
476 2476 628 2540 omnibus
647 2477 778 2559 oppidis
798 2481 1011 2558 oppugnatis,
1028 2474 1148 2537 caedes
1168 2473 1312 2538 maxima

170 2589 260 2645 ¹5est
283 2581 383 2656 facta,
409 2601 447 2644 ac
471 2582 580 2644 coidni
603 2581 722 2657 miseri,
743 2581 798 2644 alii
822 2601 897 2644 cum
922 2600 1042 2663 aquam
1067 2587 1229 2662 peterent,
1253 2577 1311 2640 alii

209 2691 320 2746 cum’a
334 2686 420 2747 villis
435 2686 467 2747 in
486 2685 609 2767 oppida
625 2685 791 2774 fugerent,
809 2684 955 2767 undique
971 2693 1072 2747 occisi
1087 2693 1172 2746 sunt.

252 2775 342 2854 Olim
365 2791 485 2864 hostes,
503 2810 579 2853 cum
598 2790 631 2852 in
653 2790 823 2853 castelium
844 2789 1010 2871 quoddam
1032 2789 1192 2869 impetum
1214 2787 1308 2850 fecis-

208 2903 283 2956 sent
311 2894 516 2975 sagittisque
540 2895 694 2957 ardentes
723 2894 889 2956 misissent
918 2895 951 2955 in
981 2900 1115 2967 tectum,
1140 2898 1307 2973 postremd

208 2997 271 3079 ipsi
287 3018 419 3080 quoque
435 2997 572 3060 castell&
588 2998 699 3078 ignem
717 2997 894 3060 admovere
910 3004 1020 3060 ednati
1042 3005 1128 3059 sunt.
1175 2994 1250 3077 Qua
1270 3004 1306 3058 re

167 3101 448 3176 zoanimadversa,
468 3102 586 3176 coldni,
604 3108 660 3182 qui
678 3107 714 3163 se
737 3099 866 3164 fortiter
885 3101 1006 3163 multis
1029 3100 1128 3162 hdras
1151 3099 1304 3163 defende·

268 3317 293 3365 4.
319 3302 471 3352 hominem:
490 3300 535 3353 tlte
547 3317 622 3353 man.
829 3317 868 3362 13.
895 3301 1029 3365 ipsumm:
1049 3297 1122 3350 their
1132 3273 1205 3350 nwn.

268 3397 293 3445 5.
319 3384 498 3435 traditurum:
543 3399 581 3434 sc.
620 3396 732 3433 esse—
828 3396 868 3443 15.
893 3381 963 3431 alii.
986 3418 992 3431 .
1015 3380 1101 3431 ,aliiz
1138 3395 1211 3431 some
1232 3416 1238 3430 .
1260 3417 1298 3431 ..

206 3464 294 3516 domi:
313 3469 345 3514 at
361 3463 455 3528 homan
478 3461 520 3514 for
538 3461 586 3515 the
603 3479 675 3529 case,
694 3461 728 3515 cf.
781 3460 878 3514 others.
890 3475 1009 3513 —cumt
1029 3476 1070 3513 as.

206 3546 290 3610 humi,
302 3561 330 3613 p.
345 3557 369 3610 7,
382 3543 400 3596 l.
415 3558 441 3609 4.
828 3558 867 3606 17.
894 3544 995 3608 hostes,
1031 3554 1106 3592 cum:
1147 3539 1226 3592 when
1258 3539 1299 3592 tlte

267 3632 291 3676 8.
318 3639 411 3676 suum:
431 3624 568 3695 osthet'rs.
781 3639 882 3690 encttty.
922 3625 995 3676 Note
1014 3621 1061 3674 the
1079 3619 1207 3691 changed
1225 3620 1297 3673 order

252 3724 292 3758 12.
319 3707 471 3758 hominem:
491 3703 730 3774 standingincon-
782 3703 814 3756 of
822 3703 868 3756 the
882 3702 1108 3772 English-in:
1129 3705 1212 3770 upon.

205 3795 274 3840 trast
296 3794 326 3840 to
347 3789 422 3839 villis
446 3784 502 3839 and
526 3787 608 3837 boves
633 3783 663 3838 of
684 3784 730 3836 the
827 3800 866 3846 19.
893 3785 962 3847 ipsi:
982 3779 1134 3850 modifying
1143 3781 1292 3833 castelli.-

204 3866 355 3938 preceding
367 3866 468 3920 clause.
781 3867 835 3926 qui
846 3867 890 3914 re:
909 3862 972 3913 this.
