2824 4292
353 347 355 351 ‘
434 333 547 390 FIRST
573 333 694 390 LATIN
721 333 884 391 READER
1120 385 1124 395 .
1169 355 1206 416 17

107 515 247 599 accepit,
265 522 435 600 postremi>
451 525 564 579 tamen
581 515 685 580 sensit
700 524 767 578 non
784 516 870 579 illius
886 516 985 599 culpi
1007 519 1140 581 remita
1156 537 1207 581 ce·

108 620 239 684 cidisse.
287 621 406 702 Itaque
422 627 537 701 paucis
562 629 637 702 post
657 620 826 683 mensibus
841 627 861 682 ἃ
876 620 995 684 iuvene
1013 620 1157 685 Prissilla
1173 622 1206 684 in

108 725 354 789 matrimonium
372 723 472 786 ducta
484 725 544 798 esi,
559 723 747 787 Standisius
760 732 871 786 autem
884 722 947 786 sibi
962 731 1096 786 uxorem
1110 725 1207 787 aliam

108 824 259 910 sumpsit

536 1045 718 1109 resson
751 1057 785 1124 ις

421 1211 539 1302 Πκζεεῑ
557 1233 680 1295 among
702 1212 756 1275 tlte
774 1212 916 1278 Indians

83 1389 98 1446 5
153 1367 240 1445 Indi,
253 1376 311 1451 qui
321 1387 428 1450 prope
440 1367 602 1430 coloniam
618 1367 822 1442 habitabant,
838 1387 945 1448 paene
958 1376 1073 1432 omnes
1086 1370 1209 1433 inimici

108 1481 215 1547 erant,
226 1473 285 1535 sed
298 1471 514 1535 vehementer
527 1469 687 1532 timebant
703 1471 849 1550 legatum
864 1471 1078 1548 Standisium‚
1089 1473 1132 1534 de
1143 1481 1209 1554 qud

109 1582 211 1659 supri
233 1577 301 1638 dixi
310 1595 318 1652 ;
346 1594 424 1636 nam
451 1575 489 1648 is,
514 1574 581 1635 dux
606 1574 817 1649 fortissimus,
842 1573 1059 1638 libentissime
1085 1576 1207 1639 bellum

110 1699 242 1762 semper
264 1680 377 1760 gessit,
396 1697 506 1760 neque
528 1698 685 1760 umquam
710 1678 893 1760 periculum
913 1679 1015 1741 iillum
1034 1681 1207 1744 recisivit.
1245 1690 1253 1702 '

110 1784 178 1868 Qui
197 1793 310 1847 tamen
329 1790 396 1844 non
416 1791 487 1845 erat
503 1782 666 1857 crudelis3
688 1782 766 1844 olim
782 1783 881 1858 enirn,
898 1803 974 1845 cum
991 1783 1033 1845 ad
1049 1784 1208 1866 oppidum

69 1889 270 1951 101ndorum
302 1886 509 1950 inimicdrum
541 1886 713 1967 profectus
744 1897 834 1949 esset
861 1886 1039 1969 hostesque
1065 1887 1208 1963 vicisset,

108 1999 176 2055 tres
208 1991 311 2055 Indos
341 1992 532 2053 vulneratos
562 1989 698 2052 domum
725 1997 838 2052 secum
865 1989 1004 2065 reduxit,
1033 2001 1069 2054 ut
1095 1998 1208 2054 eorum

109 2095 246 2161 vulnera
260 2095 306 2158 ibi
321 2101 524 2158 eririrentur.

155 2200 229 2263 Hoc
252 2201 323 2263 fere
339 2210 488 2281 ternpore
511 2199 620 2262 coloni
642 2199 705 2275 alii,
722 2206 742 2262 5
762 2198 934 2262 Britanni}
953 2201 1103 2282 profecti,
1121 2200 1209 2263 haud

111 2304 225 2387 procul
248 2304 469 2367 condiderunt
490 2303 649 2386 oppidum
672 2304 822 2366 alterum.
869 2304 956 2366 Tum
978 2305 1112 2367 demum
1136 2305 1212 2366 Indi

72 2425 99 2478 15
110 2409 324 2472 vehementer
343 2415 509 2482 commoti,
529 2406 669 2471 concilio
690 2414 880 2482 convocato,
901 2408 1026 2490 oppida
1045 2408 1143 2471 ambri
1166 2407 1212 2471 in·

110 2512 252 2576 cendere
265 2511 465 2595 coloniisque
481 2513 571 2594 ipsos
587 2511 771 2575 interficere
787 2513 1047 2590 constituerunt3
1069 2512 1128 2575 sed
1145 2520 1210 2589 rer,

111 2617 255 2699 quidam,
284 2623 340 2699 qui
366 2617 501 2679 coldnds
533 2615 674 2692 amabat,
703 2616 746 2677 ad
774 2615 978 2679 Standisium
1010 2603 1210 2699 properent,

111 2720 453 2802 eumquedehostium
464 2719 602 2783 consilio
612 2719 784 2783 certiorem
793 2720 882 2782 fecit.
909 2720 1210 2801 Periculdcognitr'),

111 2824 240 2905 legatus
263 2825 374 2887 statim
399 2844 474 2887 cum
499 2823 658 2886 militibus
682 2832 797 2906 paucis
821 2823 863 2886 ad
887 2824 1028 2887 alterum
1052 2823 1211 2905 oppidum

72 2927 283 3009 mprofectus
298 2937 358 2991 est.
407 2927 460 2991 Ibi
477 2927 561 3003 indi,
579 2947 655 2990 curn
672 2927 834 2989 vidissent
850 2927 970 2990 milites
986 2947 1060 2990 esse
1077 2935 1211 3009 paucos,

112 3029 262 3095 arbitriti
277 3036 314 3094 se
327 3031 427 3095 facile
447 3031 652 3095 Standisium
673 3037 797 3094 terrere
819 3051 927 3111 posse,
944 3037 975 3094 ei
995 3031 1214 3095 ostenderunt

160 3247 184 3283 1.
203 3231 279 3282 illius
297 3231 391 3296 culpi:
412 3228 530 3299 through
552 3227 635 3299 (any)
738 3229 924 3292 15.concilill:
952 3235 1075 3281 contrast
1092 3229 1212 3294 cinsilid,

112 3309 194 3384 fault
216 3311 253 3384 of
269 3310 321 3378 lezi,
342 3313 384 3364 i.e.
410 3309 441 3364 of
461 3310 507 3363 the
532 3311 638 3361 iuvenis
688 3308 707 3362 l.
725 3308 765 3361 18.

116 3393 218 3464 (culpo,
227 3405 280 3459 -ιο,
289 3389 341 3460 n).
351 3421 387 3431 -
395 3406 467 3443 rem:
480 3390 526 3444 the
537 3392 636 3461 affair.
737 3395 777 3441 18.
791 3391 908 3455 periculo
916 3391 1022 3455 cognito
1032 3408 1038 3442 :
1049 3388 1140 3460 freely,
1148 3388 1215 3442 hau

159 3477 184 3525 8.
208 3487 293 3538 neque
319 3487 463 3538 umquam:
491 3471 577 3524 and.
600 3509 607 3523 .
628 3509 635 3523 .
687 3469 949 3543 inglearnedostde
957 3471 1071 3540 danger.
1094 3468 1214 3522 Aliteral

113 3567 213 3620 neum
240 3551 273 3608 cs.
295 3551 343 3607 the
367 3551 514 3622 rendering
538 3549 570 3605 oi
590 3565 638 3604 nec
689 3549 837 3621 rendering
854 3550 887 3606 of
901 3552 1025 3617 dignitus
1044 3551 1072 3603 in
1091 3550 1138 3603 the
1156 3549 1212 3602 abl.

114 3635 265 3701 quioqnam,
279 3651 298 3704 p
315 3649 341 3701 2,
359 3633 378 3686 l.
403 3648 443 3686 rr.
481 3634 512 3686 ln
524 3632 639 3686 transla·
689 3629 777 3684 absol.
789 3631 976 3686 construction
989 3630 1078 3685 would
1091 3628 1167 3684 often
1179 3629 1214 3684 be

113 3713 180 3783 tion,
200 3730 248 3769 nec
272 3715 387 3788 (neque)
409 3714 509 3769 should
530 3713 639 3783 always,
689 3709 833 3764 awkward.
877 3726 879 3730 ·

115 3795 136 3849 ii
153 3795 282 3866 possible,
304 3795 339 3851 be
360 3794 485 3849 resolved
498 3793 562 3848 thus
579 3793 640 3848 into
736 3809 778 3842 αι.
801 3793 943 3846 arbitriti:
975 3791 1010 3846 ci.
1036 3791 1085 3846 the
1107 3808 1157 3845 use
1181 3789 1214 3844 ol

114 3876 274 3931 connective
287 3877 343 3930 and
356 3876 492 3947 negative.
689 3872 779 3935 veriti,
791 3887 820 3942 p.
833 3885 860 3936 2,
874 3872 893 3925 Ι.
908 3884 951 3940 17.
