2920 4296
474 289 590 347 FIRST
614 288 738 348 LATIN
763 287 927 346 READER
1099 311 1106 322 ·
1193 305 1253 372 143

150 471 302 535 celeriter
330 470 365 534 in
395 469 512 552 fugam
544 469 644 533 dedit.
696 469 847 551 Longius
877 480 988 533 autern
1018 476 1148 552 insequi
1173 471 1255 534 veri-

149 584 213 650 tus,
238 574 327 657 quod
354 573 457 638 silvae
484 574 691 656 paludesque
717 573 977 648 intercedebant,
1004 574 1158 637 omnibus
1185 584 1254 638 suis

150 678 369 742 incolumibus
400 678 517 742 eodem
545 678 599 741 die
625 678 667 740 ad
696 676 892 741 Ciceronem
923 679 1083 759 pervenit.
1129 679 1254 742 Turres

151 781 418 865 munitionesque
456 782 601 845 hostium
639 782 829 845 admiratur.
894 783 1042 863 Legione
1081 782 1252 864 producta,

127 888 323 969 §cognoscit
347 894 414 950 non
440 887 605 950 decimum
631 906 797 969 quemque
824 907 897 949 esse
926 887 1088 968 reliquum
1117 887 1253 949 militem

151 987 222 1050 sine
248 986 400 1063 vulnere;
436 993 502 1069 quei
529 1007 570 1049 ex
595 993 632 1049 re
661 986 785 1050 iudicat
813 995 938 1068 quanto
964 988 999 1049 in
1026 987 1174 1069 periculo
1200 993 1254 1050 res

151 1089 260 1154 fuerit.
308 1091 469 1170 Cicerone
493 1090 718 1172 militibusque
743 1089 896 1165 laudatis,
920 1090 1132 1153 centuriones
1155 1090 1254 1154 tribui·

151 1202 279 1276 nosque
295 1195 445 1275 singulos
462 1194 619 1277 appellat,
636 1201 777 1276 quorum
794 1193 962 1275 egregiam
979 1194 1085 1257 fuisse
1096 1194 1252 1257 virtutem

150 1297 341 1360 testimonio
358 1299 529 1363 Ciceronis
549 1305 762 1380 cognoverat.
812 1298 865 1360 De
886 1304 964 1361 casii
988 1297 1104 1360 Sabini
1124 1306 1157 1361 et
1178 1298 1254 1364 Cot-

112 1411 205 1464 rotae
220 1402 343 1465 certius
359 1422 400 1465 ex
415 1411 555 1484 captivis
571 1401 752 1484 cognoscit

565 1655 746 1721 LESSON
782 1655 841 1719 116

305 1839 563 1925 Arrangements
576 1842 641 1922 for
661 1841 714 1903 the
736 1841 819 1904 Rest
840 1842 880 1922 es
896 1841 949 1904 the
981 1842 1105 1905 Winter

195 2004 285 2066 Dum
306 2004 389 2066 haec
409 2003 505 2076 liunt,
528 2002 571 2064 ad
597 2001 782 2066 Labienum
809 2003 994 2067 incredibili
1018 2003 1187 2067 celeritate
1211 2004 1253 2067 de

149 2106 287 2170 victoria
304 2108 456 2172 Caesaris
472 2107 563 2169 fama
579 2106 746 2183 desertum
771 2118 850 2190 quin
868 2109 978 2184 etiam,
995 2127 1072 2171 cum
1087 2108 1130 2171 ab
1147 2109 1252 2172 hiber-

149 2219 201 2274 nis
214 2211 383 2275 Ciceronis
400 2211 490 2273 milia
507 2230 665 2292 passuum
685 2212 853 2274 Labienus
869 2212 1002 2275 abesset
1018 2212 1148 2276 circiter
1162 2221 1252 2277 sexa-

150 2316 251 2396 ginta,
270 2327 370 2398 atque
390 2315 432 2377 ad
450 2316 645 2379 Ciceronem
669 2325 745 2397 post
766 2316 881 2378 horam
904 2324 1026 2378 nonam
1046 2317 1113 2379 diei
1128 2318 1252 2382 Caesar

111 2446 138 2500 ¹5
150 2416 365 2501 pervenisset,
383 2429 461 2482 ante
480 2419 624 2483 mediam
645 2430 775 2483 noctem
799 2419 909 2483 subito
924 2420 967 2482 ad
984 2428 1095 2501 portis
1113 2422 1253 2484 Labieni

149 2530 333 2587 castrorum
357 2523 489 2587 auditus
512 2535 564 2588 est
586 2507 701 2588 eorum
725 2525 857 2600 clamor,
880 2534 937 2606 qui
961 2525 1071 2606 legato
1093 2526 1253 2606 gratulari

195 2715 218 2751 1.
244 2700 366 2765 longius:
387 2700 475 2754 absol.
489 2717 608 2771 compar.
787 2718 812 2764 9·
838 2701 1011 2754 testimonio:
1055 2702 1252 2769 testimonium,

193 2798 219 2832 2.
244 2782 461 2834 intercedebant:
486 2783 628 2849 intercedo,
648 2797 673 2851 3,
726 2785 756 2848 -i,
769 2795 808 2847 u,
821 2785 925 2851 repert.
964 2782 1026 2835 The
1038 2781 1093 2835 abl.
1109 2799 1252 2851 expresses

149 2865 238 2929 -cessi,
263 2877 381 2915 -cessum
406 2865 457 2929 est,
481 2864 673 2916 intervene-
727 2878 837 2928 means3
858 2879 897 2915 we
910 2862 999 2915 would
1012 2878 1061 2931 say
1075 2861 1196 2915 “from’'

149 2944 272 2996 omuibus
301 2947 359 2994 suis
389 2944 583 2997 incolumibus:
615 2942 671 2998 abl.
773 2958 813 2995 10.
840 2943 955 2995 certius:
988 2960 1019 2996 as
1048 2959 1122 2996 noun
1160 2945 1250 3013 (neut.

148 3022 255 3090 absol.;
276 3023 407 3077 translate
420 3023 538 3077 “withe’
726 3021 831 3094 sing.);
867 3041 914 3077 see
946 3023 993 3077 the
1025 3023 1131 3077 Vocab.
1165 3024 1253 3078 under

192 3121 218 3167 4.
245 3105 379 3157 hostium:
418 3103 510 3174 fredy,
542 3104 612 3157 built
643 3105 676 3173 by
726 3107 861 3170 erigniaco.

148 3183 193 3237 tlte
212 3201 312 3253 enemy.
772 3203 813 3239 ιι.
839 3187 920 3238 haec:
960 3185 1024 3238 this.
1038 3216 1075 3244 ,-
1088 3186 1250 3238 Labienum:

193 3280 217 3329 5.
245 3268 297 3317 non
323 3267 464 3333 decimum,
492 3275 559 3321 etc:
595 3266 676 3321 order
727 3265 760 3320 cs.
779 3283 806 3336 p.
828 3267 885 3334 138,
904 3266 922 3317 l.
946 3280 978 3332 14
990 3265 1018 3318 ff.

149 3345 181 3399 os
202 3346 241 3399 lit.
263 3346 441 3400 translation:
467 3351 520 3400 non
545 3361 676 3414 quemque
773 3364 813 3399 ια.
839 3346 915 3400 tima
936 3349 1002 3418 (ue,
1025 3348 1083 3416 ηε
1107 3351 1253 3417 repert.-

150 3428 282 3478 decimum
294 3429 411 3480 militem
423 3443 483 3479 esse
495 3430 636 3494 reliquum.
727 3428 861 3480 defertur:
884 3430 928 3480 ie.
950 3428 987 3498 by
1007 3426 1123 3481 natives.
1133 3442 1251 3481 -cums

194 3523 219 3572 7.
246 3507 344 3560 fuerit:
383 3507 451 3577 perf.
486 3507 674 3578 subjunctive;
727 3507 896 3563 concessive.

150 3588 212 3657 why
233 3587 288 3640 this
312 3588 413 3642 mood?
450 3591 523 3642 Note
548 3587 676 3657 carefully
774 3603 813 3652 1⁵·
839 3590 889 3642 ad:
908 3589 1006 3661 before.

150 3668 198 3722 the
210 3668 284 3722 force
297 3668 328 3721 of
337 3669 384 3722 the
397 3676 484 3723 tense.
773 3676 813 3721 16.
840 3673 944 3722 eorum:
961 3669 1253 3740 asthma—clitum:

195 3755 219 3801 8.
246 3751 396 3814 egregiam:
417 3749 493 3819 pred.
515 3749 567 3819 adj.
589 3750 676 3818 (egre-
727 3751 857 3804 translate
881 3768 911 3803 as
933 3750 1169 3819 pl.-greituliri:
1196 3757 1256 3818 gri·

150 3831 219 3898 gius,
229 3845 265 3898 -a,
275 3844 341 3898 -um,
350 3831 551 3901 conspeeuous).
726 3832 805 3899 tuor,
821 3846 843 3900 1,
855 3833 926 3902 offer
937 3831 1168 3901 congratuhte‘en.
