2920 4296
466 325 580 391 FIRST
605 324 728 382 LATIN
754 323 919 380 READER
1184 339 1241 404 155

138 509 254 571 stituit.
302 507 414 589 Quare
438 505 621 588 equitatum
645 523 777 568 omnem
809 510 916 584 prima
940 512 1037 568 nocte
1069 503 1111 566 ad
1135 513 1243 567 castra

140 611 306 676 Saburrae
345 610 543 692 praemittit;
594 618 650 691 qui
680 609 785 671 hostis
817 615 1057 689 necopinantes
1097 608 1241 683 adortus,

139 736 299 797 magnum
313 723 427 778 earum
440 733 615 776 numerum
628 714 756 776 occidit.
805 712 882 794 Quo
896 713 993 787 lacta,
1007 712 1048 773 ad
1063 711 1243 775 Carianem

137 815 268 898 equitas
283 814 425 878 redeunt
441 820 658 895 captivasque
675 812 717 874 ad
733 832 808 875 eum
826 811 997 874 redacunt.

551 1066 734 1131 LESSON
770 1083 831 1144 124

368 1250 399 1313 T
394 1251 433 1313 lte
456 1248 663 1313 Numidians
687 1259 790 1310 resort
812 1258 843 1310 to
869 1248 1024 1332 Strategy

113 1430 128 1486 5
183 1414 294 1491 Caria,
318 1412 511 1478 cohortibus
535 1419 680 1495 quinque
705 1419 822 1474 castris
839 1411 1004 1492 praesidia
1026 1411 1159 1488 relictis,
1177 1432 1244 1474 orn-

137 1519 236 1581 nibus
252 1538 328 1581 cum
342 1517 446 1598 capiis
459 1522 577 1599 quarta
589 1515 702 1596 vigilia
715 1516 894 1596 protectus,
910 1535 968 1578 sex
979 1515 1070 1577 milia
1083 1535 1241 1596 passuum

138 1625 203 1686 iarn
219 1624 292 1704 ipse
317 1630 515 1704 pragressus
537 1630 617 1683 erat.
666 1619 742 1701 Qui,
758 1618 897 1682 victaria
913 1620 1080 1700 equitatus
1097 1620 1241 1700 cagnita,

138 1727 238 1791 etiam
262 1727 401 1790 celerius
425 1725 487 1788 iter
510 1725 609 1799 facit3
636 1722 754 1786 Iubam
778 1721 866 1785 enim
891 1721 1046 1786 eradebat
1070 1723 1170 1804 longa
1189 1724 1243 1787 ab·

138 1851 221 1907 esse,
239 1832 442 1912 exiguasque
461 1829 628 1893 Saburrae
644 1827 758 1909 capias
773 1825 874 1890 lacile
890 1833 926 1889 sa
941 1827 1130 1908 opprimere
1143 1847 1243 1910 posse

99 1935 358 1999 roexlstimabat.

185 2040 321 2102 Interim
346 2049 457 2102 autem
484 2038 567 2100 Iuba
591 2034 702 2121 (cuius
724 2037 767 2099 da
787 2036 935 2099 discessi]
960 2036 1047 2099 falsa
1068 2048 1141 2101 erat
1161 2046 1242 2101 nan·

138 2144 264 2220 tiatum,
282 2152 405 2226 quique
421 2143 485 2205 iarn
503 2143 593 2205 haud
611 2143 711 2223 longa
725 2139 866 2220 aberat),
878 2141 921 2202 da
936 2150 1100 2204 nocturna
1116 2143 1243 2223 proelia

139 2247 258 2311 certior
273 2248 393 2323 factus,
411 2248 477 2310 duo
494 2245 583 2309 milia
607 2247 755 2328 equiturn
778 2265 919 2327 eamque
936 2245 1084 2326 pediturn
1101 2257 1240 2340 partem,

99 2469 129 2526 15
139 2476 213 2518 cum
228 2456 360 2537 reliquis
374 2458 477 2536 capiis
494 2456 748 2539 elephantisque
764 2459 937 2538 sexaginta
953 2457 1060 2519 lanius
1073 2456 1243 2538 subsequi-

139 2569 202 2623 tur.
249 2559 444 2640 Suspicatus
475 2561 568 2623 brevi
600 2562 778 2626 Curionem
809 2562 919 2641 ipsum
943 2561 1070 2636 adfore,
1096 2561 1242 2625 Saburra

140 2663 253 2745 capias
287 2665 436 2745 equitum
473 2665 690 2748 peditumque
724 2665 834 2728 statim
870 2665 1025 2728 instraxit
1062 2673 1161 2747 atque
1195 2672 1242 2727 eis

140 2769 313 2849 imperavit
337 2776 373 2830 ut
397 2767 494 2832 simul
518 2779 618 2853 atque
642 2753 748 2833 nostri
770 2769 804 2832 in
826 2777 1044 2850 conspectum
1060 2768 1240 2844 venissent,

141 2871 349 2934 simulatione
365 2871 492 2935 timaris
510 2874 667 2954 paulatim
687 2874 853 2938 caderent.

101 2996 132 3032 κο
185 2974 261 3058 Qua
278 2976 377 3051 facta,
392 2977 505 3040 hostes
522 2979 642 3059 fugere
655 2979 757 3043 Caria
773 2989 864 3042 ratus
880 2977 1028 3059 legianas
1044 2977 1090 3040 da·
1102 2977 1242 3041 collibus

203 3153 227 3188 1.
252 3139 302 3189 ad:
322 3137 367 3190 ae.
381 3139 521 3192 toattack.
763 3145 802 3190 16.
828 3139 996 3204 auspicatus:
1024 3138 1155 3192 translate
1174 3154 1243 3192 asa

185 3233 225 3268 ιι.
252 3215 338 3269 falsa:
378 3216 450 3284 adv,
482 3217 522 3271 lit.
543 3217 667 3289 sabeljm
716 3227 835 3288 present.
850 3221 1002 3284 —ipsum2
1026 3235 1061 3270 -as
1085 3217 1242 3272 contrasted

140 3296 239 3350 render
250 3296 297 3350 the
310 3295 401 3351 clause
415 3296 508 3369 sreely.
716 3299 780 3352 with
790 3300 833 3353 his
842 3299 957 3368 cavalry,
968 3298 1057 3352 which
1067 3298 1121 3352 had
1131 3298 1242 3370 already

186 3395 225 3430 ια.
252 3383 366 3444 quique:
395 3380 441 3432 i.e.
467 3383 666 3446 qm÷que.-
716 3378 787 3434 been
806 3379 834 3433 in
853 3379 1115 3434 action-adfore:
1135 3380 1180 3433 iu.
1195 3382 1241 3432 ad-

141 3461 266 3511 nocturna
279 3461 393 3526 proelia:
408 3476 455 3515 see
468 3460 486 3512 l.
504 3475 513 3512 1
529 3458 557 3513 ff.
715 3461 836 3514 tutatum
854 3476 922 3514 esse.

185 3557 225 3604 14.
253 3539 423 3594 oanfidabat:
476 3541 592 3605 canfida,
639 3556 665 3610 3,
762 3549 800 3595 18.
828 3544 911 3595 simul
928 3547 1026 3610 atqua:
1045 3544 1089 3596 ac.
1109 3557 1172 3596 cum
1188 3545 1242 3609 pri·

140 3619 222 3672 -fiaus
240 3637 309 3688 sum,
322 3619 388 3674 with
401 3620 534 3690 dat.,rely
550 3622 665 3692 (upon).
715 3626 1003 3676 mum-vaniscent:
1016 3623 1049 3678 cf.
1065 3623 1114 3678 the
1130 3630 1195 3678 note
1203 3639 1242 3678 on

138 3702 319 3755 -subsldim
340 3701 396 3755 dat.
411 3700 444 3756 of
457 3701 568 3755 service.
715 3708 928 3770 exspectassent,
941 3722 967 3774 p.
984 3703 1069 3770 104,l.
1087 3704 1127 3757 18.
1265 3700 1267 3704 ’

186 3797 224 3846 ¹⁵·
250 3784 420 3848 elephantia:
444 3783 615 3849 elephantus,
634 3786 665 3850 -i,
761 3802 800 3848 19.
826 3786 1015 3837 simulatiane:
1044 3784 1175 3839 translate
1193 3784 1241 3840 the

140 3877 184 3930 u,
196 3863 332 3934 elephant.
714 3863 770 3917 abl.
785 3864 902 3925 t‘withst’
