2824 4292
426 338 449 393 F
451 337 539 393 IRST
565 335 687 393 LATIN
713 335 877 391 READER

527 706 710 771 LESSON
746 721 785 768 10

546 891 752 954 Pocalzontas

144 1060 251 1143 Prope
264 1061 438 1136 coleniam‚
453 1080 552 1142 quarn
570 1058 721 1122 Britanni
736 1060 770 1120 in
783 1059 968 1147 Virginiam
982 1058 1198 1132 dedflxerant,

97 1165 270 1229 habitabat
283 1167 418 1248 quidam
435 1172 491 1227 rex
506 1164 686 1245 indus,‚cui
703 1173 774 1226 erat
791 1163 861 1226 filia
878 1163 1026 1245 pulchra.
1075 1161 1198 1236 Puella,

98 1289 184 1351 quae
202 1269 393 1333 Pecahonta
410 1268 651 1351 appellabitur,
669 1267 803 1331 colenes
823 1267 955 1342 amavit,
973 1265 1118 1348 elimque
1134 1285 1199 1328 ser-

96 1379 233 1436 veverat
257 1393 333 1436 eum
358 1374 488 1449 ducem,
513 1372 554 1435 de
578 1380 645 1454 que
667 1378 769 1453 supra'a
794 1370 898 1434 multa
920 1372 1004 1446 dixi;
1036 1390 1113 1432 narn
1137 1375 1199 1432 tre·

72 1477 203 1548 §ditum
224 1488 284 1552 est,
302 1497 377 1539 cum
401 1477 455 1539 ille
479 1477 521 1540 ab
546 1476 639 1539 Indis
662 1486 781 1558 captus
804 1485 903 1551 esset,
920 1475 1099 1557 hostesque
1122 1493 1198 1537 eum

96 1582 283 1645 interficere
298 1581 432 1656 vellent,
449 1581 537 1662 regis
560 1580 665 1644 filiam
689 1599 784 1643 suurn
809 1599 929 1661 corpus
948 1579 1197 1660 interposuisse.

99 1685 139 1748 Id
155 1695 267 1748 tamen
284 1685 379 1748 multi
393 1687 533 1748 eredunt
549 1704 730 1767 numquam
747 1704 821 1747 esse
833 1684 970 1759 factum,
986 1682 1198 1764 Fabrumque

98 1797 214 1872 postee
236 1800 411 1853 mentitum
429 1809 512 1853 esse.
552 1789 618 1854 Sed
640 1790 810 1852 fremente
825 1795 914 1852 certe
935 1799 968 1851 et
983 1807 1083 1851 carne
1101 1788 1200 1850 Peea-

97 1894 200 1956 honta
216 1894 351 1958 colenes
364 1915 464 1976 saepe
477 1893 568 1969 invit,
582 1904 616 1957 et
631 1894 799 1976 quondam
813 1894 854 1956 ad
867 1893 1027 1975 oppidum
1044 1893 1198 1954 nentium

57 1999 194 2074 iomisit,
213 2019 287 2062 curn
304 2000 418 2062 hostes
434 2000 621 2082 oppidanos
637 1999 788 2063 occidere
805 2006 971 2082 parerent.

142 2104 314 2167 Interdum
339 2104 456 2180 colent,
481 2112 621 2186 querum
646 2107 761 2186 cepiae
789 2125 922 2186 semper
946 2123 1069 2186 parvae
1092 2111 1197 2178 erant,

98 2207 187 2271 lame
205 2229 310 2290 paene
323 2211 511 2291 perierunt;
536 2210 726 2291 quinetiam
741 2208 828 2284 elim,
843 2228 1043 2290 quamquam
1057 2205 1199 2269 libenter

99 2320 200 2394 eques
217 2334 349 2395 quoque
366 2314 520 2389 edebant,
539 2313 689 2378 homines
709 2313 805 2376 multi
824 2323 944 2376 mortui
962 2322 1050 2376 sunt.
1099 2311 1196 2388 Tum,

98 2418 257 2498 impetum
290 2418 449 2480 Inderum
481 2420 645 2494 timentes,
678 2418 837 2500 oppideni
874 2419 981 2499 ipsam
1016 2423 1199 2498 rapuerunt

59 2522 321 2600 15Peeahontam
351 2529 548 2604 mensesque
573 2524 696 2586 multes
722 2530 782 2605 pre
808 2522 923 2586 obside
947 2528 1136 2596 tenuerunt,
1161 2531 1199 2584 ut
1269 2554 1271 2558 ·

99 2635 201 2707 pater,
219 2626 289 2688 filia
305 2633 413 2708 captet,
430 2636 556 2690 amicus
573 2647 646 2690 esse
663 2634 846 2708 erigeretur.
894 2626 1050 2701 Puellam,
1068 2625 1147 2688 dum
1163 2624 1197 2687 in

99 2731 222 2810 oppide
237 2739 393 2804 moretur,
417 2738 503 2794 smus
523 2751 562 2794 ex
581 2733 706 2795 colenis
727 2739 839 2794 amere
858 2732 975 2812 coepit.
1025 2729 1101 2811 Qui,
1121 2749 1196 2792 cum

99 2853 170 2895 eam
194 2834 227 2896 in
252 2834 498 2898 metrimenium
522 2835 680 2910 duxisset,
699 2835 741 2898 ad
766 2835 972 2897 Britanniam
996 2853 1072 2896 curn
1096 2840 1198 2897 unere

99 2946 149 3000 est
165 2939 353 3019 profectus;
378 2938 434 3001 ubi
451 2939 551 3021 paule
567 2950 642 3021 post
660 2939 853 3003 Pecahonta
868 2948 997 3006 mortua
1013 2947 1073 3002 est.

142 3159 167 3194 2.
193 3143 236 3194 cui
263 3145 337 3196 erat:
365 3141 457 3214 freely,
473 3142 621 3209 whohad3
674 3161 765 3210 noun;
785 3143 865 3196 when
875 3142 896 3196 it
908 3143 1038 3212 precedes
1055 3141 1101 3196 the
1115 3159 1197 3206 noun,

100 3222 137 3276 lit.
151 3222 240 3276 what?
673 3224 693 3277 it
712 3223 734 3277 is
750 3224 824 3279 often
844 3222 906 3277 best
925 3223 1059 3277 rendered
1075 3239 1105 3276 as
1120 3238 1199 3275 suum

141 3322 166 3368 4.
194 3306 295 3357 multat
333 3305 431 3370 much,·
466 3305 501 3359 cf.
527 3307 622 3374 multa,
672 3304 745 3358 here.

100 3401 126 3453 p.
142 3399 165 3454 5,
179 3385 197 3437 l.
212 3387 622 3455 9.-treditumest:itisrc-
735 3401 759 3450 7.
786 3387 830 3439 id:
866 3387 910 3438 zie.
943 3386 990 3439 the
1024 3385 1200 3440 incident.-

100 3466 173 3519 latcd
192 3467 284 3534 (trano
302 3467 325 3519 is
343 3467 422 3520 short
442 3466 484 3520 for·
502 3470 622 3533 trinoder,
673 3469 769 3520 multi:
803 3466 837 3521 cf.
866 3466 913 3520 the
936 3475 1001 3519 note
1020 3483 1058 3521 on
1079 3470 1199 3536 qnidam,

101 3546 137 3599 lit.
150 3546 231 3600 hand
239 3564 312 3613 over,
321 3551 391 3617 pass
403 3547 505 3618 along).
672 3567 700 3618 p.
716 3547 772 3615 2,1.
791 3563 814 3600 1.

141 3634 166 3679 ⁶.
193 3642 287 3680 suurn:
325 3628 463 3697 emphatic
492 3627 621 3697 position,
719 3644 758 3692 rs.
785 3631 847 3694 pre:
867 3646 907 3681 as.

100 3708 147 3760 her
157 3725 229 3762 own.
268 3708 360 3762 When
374 3708 556 3778 apossessive
569 3708 621 3778 adj.
720 3727 759 3774 ¹7·
785 3712 918 3763 moretur:
951 3709 994 3762 for
1013 3709 1060 3763 the
1080 3708 1152 3762 force
1171 3707 1204 3763 os

101 3789 122 3842 is
133 3790 278 3860 employed
297 3789 338 3843 for
357 3789 493 3844 clearness
512 3790 621 3860 merely,
672 3791 719 3844 the
741 3799 827 3855 tense,
847 3807 893 3844 see
909 3789 955 3843 the
975 3796 1039 3843 note
1058 3805 1096 3843 on
1117 3789 1199 3857 fiunt,

101 3869 162 3924 itis
184 3879 231 3940 apt
249 3879 278 3924 to
303 3870 393 3925 follow
420 3870 466 3924 the
492 3871 622 3926 modified
671 3889 698 3940 p.
714 3871 768 3938 7,l.
784 3871 824 3924 16.
