2920 4296
464 355 578 414 amsa
603 356 726 416 unum
752 355 917 414 kunnun
1179 319 1237 438 103

183 537 224 601 In
254 537 392 603 castelli>
419 539 543 621 praeda
568 539 671 601 multa
697 539 810 603 hostes
842 545 938 622 potiti
964 548 1042 602 sunt
1065 547 1164 621 atque
1195 538 1238 601 ad

137 663 325 726 vesperum,
356 643 458 707 caede
496 643 723 726 incendiisque
754 644 934 726 aliquandi)
964 643 1097 719 defessi,
1129 649 1166 706 se
1196 644 1238 707 ad

139 747 255 812 silvam
280 749 500 812 contulerunt.
547 747 696 812 Victuria
719 757 832 812 tamen
856 756 924 811 ndn
947 749 1121 812 incruenta
1142 757 1238 830 parta

139 862 225 916 erat:
254 873 331 915 nam
355 852 441 916 intra
464 851 636 917 castellum
661 861 758 916 erant
781 854 953 935 complura
976 860 1065 916 tecta
1087 851 1216 916 min6ra
1229 873 1236 930 ;

114 965 277 1040 squatum
301 963 403 1019 smum
426 977 501 1020 cum
523 955 656 1020 barbari
676 963 870 1038 expugnare
886 957 1012 1020 frustra
1028 963 1237 1034 ednarcntur,

138 1060 212 1123 telis
228 1059 306 1124 inde
322 1058 480 1124 coniectis
497 1061 592 1123 multi
607 1060 777 1124 interfecti
793 1069 898 1124 erant.

562 1351 747 1419 LESSON
779 1351 822 1416 86

386 1537 483 1602 Some
507 1537 587 1619 Very
608 1536 871 1621 Distingueshed
893 1536 992 1602 Geese

183 1699 313 1782 Quibus
337 1699 436 1763 rebus
461 1701 641 1764 admoneor
665 1700 708 1762 de
730 1701 867 1782 impetu,
886 1720 985 1784 quem
1010 1700 1098 1766 Galli
1114 1709 1241 1786 antiqui

139 1802 261 1867 abhinc
277 1804 399 1867 multus
415 1812 522 1867 annus
538 1804 572 1866 in
586 1804 788 1887 Capitdlium
804 1805 966 1880 fecerunt,
984 1824 1060 1868 cum
1076 1806 1241 1870 exercitus

138 1909 296 1970 vicissent
313 1909 493 1984 Rumanhs
511 1907 694 1990 urbemque
710 1909 817 1991 ipsam
836 1907 1072 1972 incendissent.
1131 1911 1241 1974 Primi>

99 2031 130 2068 ιο
139 2013 281 2075 interdiu
300 2012 412 2075 hostes
429 2013 537 2075 adorti
553 2023 639 2088 sunt,
657 2019 853 2095 summaque
870 2012 1009 2076 audacia
1026 2033 1105 2076 saxa
1120 2034 1241 2096 aspera

140 2116 378 2192 ascenderunt3
403 2117 463 2179 sed
481 2117 623 2179 Rumani
640 2117 785 2198 desuper
803 2124 916 2180 eurum
936 2116 1041 2180 aciem
1058 2126 1126 2180 tam
1142 2118 1241 2182 facile

139 2227 298 2304 tantaque
334 2220 438 2284 caede
473 2220 673 2296 deiecerunt,
710 2230 746 2283 ut
782 2240 964 2304 numquam
1001 2229 1118 2304 postea
1154 2221 1241 2286 idem

139 2325 310 2388 auderent.
654 2385 657 2392 .

185 2429 316 2492 Deinde
345 2438 467 2506 autem,
494 2450 570 2494 cum
596 2430 717 2493 multas
743 2430 814 2492 dies
840 2429 1040 2512 Capitdlium
1068 2430 1241 2495 obsessum

99 2544 228 2612 15esset
243 2553 305 2596 nec
329 2535 531 2614 praesidium
553 2532 770 2618 (quamquam
794 2554 924 2597 summa
940 2544 1012 2598 erat
1034 2535 1100 2598 cibi
1115 2535 1244 2621 inopia)

139 2645 176 2700 se
191 2638 312 2701 dedere
335 2638 443 2714 vellet,
462 2645 562 2702 noctu
584 2638 785 2720 Capitulium
810 2645 1006 2720 oppugnare
1031 2639 1144 2704 hostes
1168 2647 1243 2703 edn-

139 2742 327 2806 stituerunt.
376 2742 494 2825 Itaque
511 2742 628 2806 semita
641 2748 769 2825 aspera,
783 2761 883 2824 quam
900 2750 1015 2825 paucis
1032 2754 1110 2807 ante
1126 2743 1243 2808 diebus

182 2946 205 2981 1.
231 2931 345 2996 praedi:
366 2928 409 2983 ior
426 2937 533 3000 syntax,
554 2927 588 2983 cf.
609 2930 665 2980 vic·
715 2927 781 2998 they
794 2928 874 2982 made
887 2945 924 2983 no
937 2937 1053 2999 attempt
1066 2939 1095 2985 to
1110 2930 1177 2985 hold
1189 2947 1244 3004 any

136 3011 217 3078 turia,
235 3026 263 3080 p.
283 3024 326 3080 95,
345 3009 363 3062 l.
385 3013 525 3063 rr.-ad:
546 3010 664 3062 toruard.
715 3017 776 3078 part
788 3007 819 3062 oi
836 3011 925 3063 Rome
937 3009 1018 3064 other
1035 3010 1103 3063 than
1116 3011 1163 3065 the
1176 3010 1244 3083 loity

180 3107 203 3142 2.
228 3091 387 3155 aliquandi:
407 3092 452 3143 ie.
468 3093 582 3142 demum.
716 3088 771 3142 and
783 3087 900 3143 isolated
913 3089 1029 3159 Capitol.

180 3188 203 3233 3.
228 3172 381 3224 incruenta:
426 3171 588 3234 incruentus,
625 3186 661 3238 -α,
760 3186 799 3222 ιο.
826 3171 959 3222 interdiu:
994 3169 1024 3224 in
1054 3180 1177 3227 contrast
1213 3181 1243 3228 to

136 3267 203 3318 -um‚
213 3251 254 3304 lit.
268 3251 413 3315 bloodless,·
427 3249 557 3304 translate
566 3249 660 3322 ireely.
713 3253 800 3314 noctu,
820 3250 837 3303 l.
861 3251 1062 3305 16.-uostes:
1082 3252 1240 3324 subjectos

136 3335 257 3398 —parta
269 3335 341 3384 erat:
361 3331 431 3384 irom
444 3332 528 3397 parii.
714 3333 761 3386 the
774 3333 847 3388 verb.

180 3427 205 3476 5.
228 3415 352 3478 quirum:
374 3419 447 3466 nent.
761 3431 799 3465 11.
825 3417 952 3483 desuper:
973 3416 1044 3484 adv.,
1053 3418 1136 3488 from
1148 3418 1240 3472 above.

181 3510 205 3557 7.
232 3494 317 3547 Galli:
337 3510 367 3546 as
387 3510 424 3547 on
441 3510 468 3561 p.
487 3507 528 3562 52,
545 3492 565 3545 1.
583 3497 665 3545 1'2.-
761 3512 801 3546 12.
828 3495 900 3548 idem
923 3500 1067 3551 auderent:
1111 3499 1243 3569 repeated

137 3577 258 3640 antiquI:
274 3577 411 3640 antiquus,
423 3590 457 3640 a,
469 3589 533 3640 -um,
543 3575 660 3626 ancient.
712 3575 758 3628 the
769 3581 903 3643 venturu
922 3577 961 3631 lit.
975 3579 1065 3632 what?

180 3662 206 3708 8.
232 3669 307 3708 cum:
373 3655 660 3726 asten-exercitiis:
760 3674 799 3720 ¹4·
826 3658 938 3714 deinde:
958 3657 1037 3712 later.

138 3743 203 3790 note
215 3735 263 3791 the
274 3740 301 3789 ti.
760 3752 800 3800 15.
826 3753 890 3792 nec:
910 3739 972 3792 and
975 3745 1023 3807 yet
1041 3778 1048 3791 .
1068 3779 1101 3793 ..
1131 3747 1187 3795 not.

180 3833 204 3881 ⁹·
229 3818 333 3883 ipsam:
354 3820 469 3887 proper.
521 3816 582 3870 The
607 3818 664 3871 Ro·
759 3833 806 3883 17.
831 3820 946 3872 semita:
989 3819 1044 3874 abl.
1071 3819 1104 3876 oi
1123 3838 1181 3892 way
1205 3820 1242 3892 by

139 3913 217 3951 mans
239 3913 310 3951 were
333 3899 366 3952 so
391 3897 574 3951 demoraiized
603 3897 662 3952 that
712 3897 801 3952 which
823 3897 945 3969 (semita,
962 3915 1014 3968 -ae,
1033 3915 1071 3969 a,
1079 3901 1240 3973 sootpatlr).
