2920 4296
204 311 243 374 92
529 291 643 350 mssa*
668 291 789 349 LATIN
817 290 981 349 xsxosx

204 475 382 539 confestim
406 481 626 550 extinxerunt,
651 480 694 537 ne
717 474 759 537 ab
791 472 943 537 hostibus
974 473 1123 555 conspici
1153 483 1310 555 possent.

204 581 259 645 Sic
283 589 342 644 tris
365 580 436 643 fere
460 580 558 642 horis
581 578 616 641 in
639 588 736 642 nocte
753 578 895 642 obscrira
911 578 953 641 ab
969 578 1180 641 Americanis
1201 579 1315 642 fortis

205 687 287 748 sime
310 690 494 767 pugnaturn
519 693 587 760 est;
619 693 688 746 tum
713 689 820 765 primi
844 683 926 759 luce,
951 682 1124 765 eruptione
1148 684 1251 760 lacti,
1276 684 1314 749 in

203 790 320 870 fugam
337 787 550 851 coniecerunt
565 787 679 861 hostis,
698 787 926 871 oppidumque
942 787 1169 856 incenderunt.

179 914 193 969 5
226 894 386 976 'Oppido
408 895 546 956 incenso
568 893 743 968 Tecumsa,
761 902 937 976 postquam
963 892 1068 967 rediit,
1086 894 1225 956 consilia
1249 914 1314 957 sua

202 999 362 1081 perlicere
385 997 477 1061 millo
500 997 599 1059 modo
622 997 748 1079 potuit;
773 1004 888 1078 paucis
904 1005 1014 1060 autem
1032 1007 1110 1078 post
1126 998 1312 1074 mensibus,

203 1124 277 1166 cum
302 1103 496 1165 Americani
527 1100 696 1164 Britannis
718 1100 843 1163 bellum
870 1099 1077 1176 indixissent,
1101 1099 1135 1163 in
1159 1102 1312 1165 exercitii

626 1474 811 1539 LESSON
844 1489 886 1556 77

496 1661 527 1725 Α
558 1659 806 1738 Qnick-Witted
824 1659 1020 1745 Messcnger

248 1809 347 1902 Olim,
373 1846 449 1889 cum
477 1825 509 1886 in
539 1824 726 1906 provinciis,
754 1842 840 1905 quae
869 1822 911 1885 ad
945 1824 1116 1888 meridiem
1143 1835 1312 1907 spectant,

165 1929 399 1994 roAmericrini
421 1948 496 1990 cum
518 1928 685 1990 Britannis
709 1926 765 1988 diu
789 1927 974 2006 gessissent
996 1926 1120 1990 bellum
1144 1949 1184 1992 ac
1207 1949 1313 2011 saepe

205 2039 352 2114 superiti
372 2041 494 2107 essent,
516 2031 583 2092 dux
606 2032 740 2113 quidam
760 2031 982 2093 Americanus
1006 2031 1049 2093 ad
1072 2033 1310 2113 impetitorem

205 2138 305 2198 alium
330 2136 456 2199 litteras
484 2135 614 2197 mittere
637 2134 790 2209 volebat3
824 2143 859 2196 at
884 2141 991 2215 primo
1015 2143 1153 2217 reperiri
1177 2146 1313 2218 poterat

205 2247 313 2316 nemo,
337 2246 394 2321 qui
417 2245 473 2301 eas
497 2239 627 2302 deferre
651 2238 798 2313 auderet,
819 2240 907 2321 quod
931 2240 1077 2322 undique
1101 2241 1214 2304 hostes
1237 2243 1312 2304 vias

205 2344 410 2407 obsidebant.
459 2343 629 2405 Postremo
652 2352 765 2405 autem
790 2342 907 2405 mulier
931 2344 1105 2425 quaedam,
1132 2345 1239 2428 “Ego
1261 2345 1313 2408 lit·

165 2456 293 2526 15teras
315 2447 497 2522 adieram,’'
515 2445 638 2528 inquit,
665 2447 825 2530 “quidvis
846 2446 1083 2524 auderemus,
1101 2470 1201 2532 quam
1219 2449 1311 2513 domi

206 2555 317 2616 animo
334 2559 454 2615 morari
470 2551 662 2632 suspenso.''

251 2658 348 2740 Equo
360 2657 513 2731 adducto,
528 2658 644 2720 nuntia
661 2658 733 2722 sine
745 2665 836 2722 morri
850 2659 1054 2735 conscendit,
1068 2679 1116 2736 ac,
1130 2659 1310 2738 confestim

206 2764 367 2845 proiecta,
384 2762 416 2824 in
433 2762 551 2825 itinere
568 2761 609 2824 ab
626 2762 777 2827 hostibus
793 2760 979 2844 intercepta
995 2774 1056 2827 est.
1106 2764 1216 2847 Quam
1234 2785 1312 2847 cap·

206 2880 274 2931 tam
298 2868 417 2930 milites
440 2867 583 2929 maxima
606 2867 777 2946 diligentia
800 2867 1035 2942 custodierunt,
1061 2869 1167 2931 donec
1192 2868 1312 2932 mulier

165 2980 318 3037 20vocari
333 2983 455 3053 posset,
473 2992 559 3054 quae
575 2972 702 3034 litteris
719 2981 902 3053 quaereret,
920 2980 948 3034 si
964 2991 1050 3052 quae
1066 2970 1155 3034 forte
1172 2971 1320 3037 nuntiae

205 3086 413 3139 vestimentis
429 3083 536 3138 tectae
553 3082 674 3137 essent.

252 3181 341 3243 Dum
365 3187 444 3241 vero
468 3180 586 3242 mulier
608 3186 829 3260 exspectatur,
853 3179 970 3242 nuntia
1002 3178 1128 3243 litteris
1160 3178 1314 3244 celeriter

253 3364 276 3399 r.
303 3348 429 3413 possent:
473 3344 586 3415 subject,
631 3344 732 3396 mustos
830 3362 870 3408 1³·
896 3347 1020 3398 audiret:
1041 3344 1138 3399 would
1146 3351 1273 3400 venture.

212 3429 271 3499 (see
289 3445 316 3496 p.
338 3442 381 3497 91,
400 3426 419 3478 l.
443 3427 500 3496 19).
830 3440 870 3489 ¹5·
897 3441 992 3492 quam:
1016 3425 1238 3498 (ratkerltlean.

253 3524 275 3572 7.
300 3523 360 3559 cum
403 3546 409 3559 .
456 3548 462 3560 .
506 3547 512 3560 .
552 3508 730 3560 indixissent:
830 3523 868 3571 17.
893 3508 989 3560 niutia
1002 3508 1119 3578 (aest.)
1132 3527 1138 3560 :
1151 3523 1314 3577 messenger.

208 3590 339 3642 translate
364 3589 434 3658 bya
458 3589 553 3659 partic.
578 3590 733 3660 phrase-
831 3595 869 3641 18.
894 3593 1017 3656 captam:
1069 3592 1112 3644 ie.
1149 3590 1227 3661 aster
1262 3587 1315 3642 her

209 3673 364 3722 Britannis:
427 3672 558 3723 translate
592 3671 639 3725 tbe
673 3669 731 3723 dat.
784 3674 906 3740 capture.

210 3751 413 3893 “ugonldlgstus
449 3845 467 3880 a
507 3831 544 3898 ffi
827 3751 1314 3898 gp.lppsset:could.-siquaerci.

273 3864 280 3879 .
423 3847 428 3879 :
469 3846 516 3882 no
544 3846 597 3882 cer.
784 3847 811 3898 p.
862 3867 869 3894 ,
895 3867 901 3881 .
936 3867 942 3882 .
