2920 4296
219 341 279 405 128
539 341 654 399 FIRST
679 341 802 398 LATIN
828 340 994 399 READER

216 522 346 588 hostem
363 522 426 586 sibi
438 522 623 588 timendum
639 543 723 599 esse,
738 529 766 586 si
778 524 877 586 modo
889 529 1007 588 omnes
1018 522 1107 587 idem
1123 522 1323 607 proberent;

215 627 249 690 in
265 627 471 691 dissensiene
487 637 599 692 autem
617 627 742 690 nullam
758 647 834 690 esse
851 647 956 709 spem.

260 732 343 797 Cum
364 731 428 793 ianr
448 730 491 793 ad
510 730 653 793 mediam
674 741 807 794 noctem
826 731 1032 814 disputetum
1054 742 1153 809 esset,
1171 741 1242 795 tum
1263 731 1323 795 de·

216 856 306 899 mum
330 835 446 900 Sabini
468 837 634 899 sententia
664 835 844 917 superavit,
869 855 908 899 ac
932 843 1029 899 mene
1060 846 1169 899 castra
1192 843 1323 898 metum

191 948 254 1016 siri
269 939 427 1003 militibus
452 941 701 1021 prenimtietum
725 949 784 1002 est.
833 940 1041 1022 Censirmpta
1063 949 1114 1003 est
1130 939 1250 1021 vigiliis
1274 959 1326 1001 re·

215 1045 305 1128 liqua
327 1065 404 1127 pars
428 1043 545 1119 noctis,
569 1063 646 1107 curn
670 1042 790 1107 milites
821 1043 910 1107 bona
940 1042 1135 1124 colligerent
1161 1063 1231 1119 sua,
1256 1061 1323 1106 nec

215 1151 294 1213 satis
308 1157 430 1213 scirent
446 1150 526 1233 quid
541 1151 576 1212 in
594 1149 740 1211 hibernis
756 1147 1022 1231 relinquendum,
1036 1158 1094 1211 aut
1109 1148 1188 1230 quid
1205 1155 1322 1211 secum

215 1254 414 1336 portandum
432 1264 529 1317 esset.
579 1253 710 1316 Deinde
734 1259 841 1336 prime
865 1254 939 1317 luce
956 1260 1106 1317 ecastris
1123 1252 1324 1336 longissime

214 1361 348 1441 agmine
371 1363 589 1443 maximisque
612 1360 858 1442 impedimentis
882 1361 1026 1443 profecti
1047 1369 1143 1437 sunt;
1167 1360 1323 1442 plerique

175 1465 302 1527 roenim
326 1473 392 1529 nen
418 1464 674 1547 suspicebantur
701 1465 931 1547 Ambiorigem
955 1465 1066 1528 omnia
1091 1485 1140 1540 ea,
1164 1484 1252 1546 quae
1277 1463 1323 1526 de

214 1569 455 1633 Germenerum
472 1568 618 1632 adventii
634 1569 769 1644 dixerat,
784 1578 958 1633 mentitum
975 1589 1059 1643 esse,
1076 1589 1151 1632 cum
1169 1575 1323 1650 speraret

214 1674 261 1736 ita
276 1681 312 1736 se
329 1675 499 1737 Remenes
515 1693 557 1736 ex
571 1672 719 1735 hibernis
735 1673 856 1737 elicere
873 1694 981 1755 posse.

260 1779 306 1841 At
322 1777 452 1842 interim
476 1778 600 1852 hestes,
617 1783 674 1859 qui
689 1798 730 1840 ex
745 1785 909 1840 nocturne
922 1776 1062 1859 strepitti
1086 1776 1322 1841 intellexerant

215 1881 341 1963 legetes
379 1881 590 1945 censtituisse
620 1881 797 1945 censestim
829 1892 938 1944 castra
969 1889 1112 1957 movere,
1144 1881 1178 1943 in
1217 1880 1321 1943 silves

176 2015 203 2068 ις
214 1985 351 2068 paulum
382 1993 418 2048 se
447 1993 642 2066 receperant
670 1986 864 2068 insidiisque
894 1986 967 2048 loce
996 1986 1118 2048 idenee
1148 1984 1321 2048 collocatis

214 2089 393 2152 adventum
412 2090 640 2151 Remenerum
657 2088 777 2172 cupide
792 2089 1039 2171 exspectebant.

630 2303 815 2369 LESSON
852 2316 909 2383 105

503 2447 535 2511 T
529 2448 569 2511 lte
590 2448 741 2512 Romans
763 2470 821 2511 are
842 2448 1040 2513 Ambuslzed

259 2583 312 2649 Ita
327 2586 455 2650 iactum
471 2596 523 2649 est
541 2595 586 2660 ut,
604 2605 680 2648 cum
704 2585 808 2648 maior
826 2606 904 2668 pars
924 2587 1067 2667 agminis
1091 2589 1322 2650 Remenerum

215 2689 249 2752 in
277 2709 432 2772 magnam
463 2689 581 2753 vallem
613 2689 851 2764 descendisset,
880 2691 969 2754 Galli
994 2691 1104 2753 subite
1135 2697 1154 2754 e
1183 2690 1322 2754 latebris

262 2839 283 2877 1.
310 2825 462 2877 timendum
495 2838 570 2875 ease:
608 2823 677 2877 need
712 2823 742 2876 be
853 2839 879 2888 5.
904 2825 1025 2890 vigiliis:
1049 2842 1089 2879 we
1102 2823 1192 2879 would
1204 2841 1253 2894 say
1266 2826 1323 2878 “in

214 2905 327 2977 jearcd,
349 2921 365 2956 a
389 2920 518 2957 common
543 2903 615 2958 force
641 2902 673 2957 ol
694 2903 741 2957 the
791 2905 1000 2959 wakesulness.''
1046 2905 1131 2958 What
1155 2904 1179 2959 is
1202 2904 1325 2959 another

215 2985 372 3056 gerundive,
382 3002 438 3053 esp.
447 2984 477 3036 in
485 2983 611 3054 negative
619 2983 740 3053 phrases.
792 2986 921 3057 meaning
933 2985 966 3040 os
974 2984 1029 3038 this
1042 2984 1141 3040 word?

215 3066 277 3120 The
289 3064 404 3119 indirect
414 3064 552 3118 discourse
562 3072 590 3118 at
600 3064 655 3117 this
663 3065 741 3134 point
853 3073 878 3119 6.
904 3068 1075 3132 colligerent:
1095 3068 1200 3135 collige,
1210 3082 1235 3136 3,
1245 3069 1324 3134 -legi,

215 3146 238 3200 is
251 3145 304 3201 due
320 3154 350 3200 to
365 3147 412 3200 the
424 3146 486 3200 idea
498 3143 531 3200 oi
540 3145 639 3216 saying
653 3148 741 3216 (dixe-
791 3151 897 3217 lectus,
901 3153 949 3219 get
957 3147 1082 3218 together.
1109 3147 1255 3201 Translate
1266 3147 1324 3201 this

214 3228 291 3296 runt)
302 3227 449 3296 impliedin
457 3229 671 3295 hortfitisuntffl.
685 3240 740 3293 127,
792 3230 882 3285 clause
896 3229 933 3299 by
944 3246 961 3281 a
973 3228 1068 3297 partic.
1083 3228 1193 3298 phrase.

215 3308 234 3361 l.
249 3310 432 3378 15.-mod0:
453 3306 560 3361 consult
573 3305 620 3360 the
633 3306 739 3360 Vocab.
854 3328 879 3376 7.
906 3312 1125 3375 relinquendum:
1159 3326 1198 3362 sc.
1231 3311 1323 3376 esset3

214 3389 303 3443 under
328 3389 487 3440 si-idem
513 3390 671 3454 preberent:
699 3388 741 3438 tle.
794 3392 837 3446 sor
854 3391 946 3459 mood,
962 3391 996 3446 cs,
1015 3395 1098 3457 esset,
1114 3408 1142 3461 p.
1164 3389 1221 3454 126,
1238 3388 1258 3441 l.
1279 3402 1323 3456 17.

214 3469 315 3522 should
330 3483 411 3538 agree
429 3472 504 3538 upon
523 3484 573 3521 one
588 3467 681 3537 plan5
701 3466 742 3519 lit.
793 3478 898 3527 -aut2
919 3491 960 3528 we
972 3472 1062 3527 would
1076 3488 1125 3541 say
1138 3469 1246 3523 “and''

215 3549 306 3604 what?
855 3563 880 3608 8.
907 3555 1081 3621 longissimez
1101 3550 1166 3619 and,
1179 3549 1327 3618 therefore,

260 3649 284 3682 2.
312 3631 495 3683 dissensidne:
514 3629 744 3696 mesenate-bnis,
794 3636 955 3707 struggling.

215 3725 253 3777 r,
266 3711 473 3780 desagrcement.
841 3733 881 3767 11.
907 3730 968 3768 cum
984 3717 1119 3781 aperiret:
1140 3709 1173 3765 cf.
1187 3711 1235 3765 the
1251 3725 1328 3763 cum-

260 3808 285 3854 4.
312 3793 414 3841 metum
444 3792 493 3840 ll'l:
531 3788 603 3842 What
629 3794 691 3856 past
717 3785 747 3839 Oi
796 3795 885 3849 clause
898 3795 927 3847 in
939 3794 958 3847 l,
973 3794 1000 3847 6.

216 3869 264 3924 the
276 3869 362 3924 verb?
