2920 4296
455 279 569 336 arasa
595 279 718 336 mnu
745 279 910 336 ananan
1194 295 1234 362 95

129 459 252 523 bellum
272 469 436 540 gererent,
456 461 541 535 Indi,
558 460 703 543 quadam
727 460 865 522 castella
886 459 1164 524 Americanc'irum
1183 482 1235 525 ex-

131 572 288 646 pugnatu,
306 572 373 626 nc'm
390 565 496 627 sulum
513 571 659 627 armatus
675 564 735 626 sed
756 565 854 626 etiam
875 565 1029 628 mulieres
1046 564 1234 649 liberasque

130 676 260 732 summa
276 668 472 731 crudelitate
488 668 688 732 occiderunt.
737 669 813 750 Qua
829 670 931 731 caede
947 670 1108 746 nuntiata,
1128 671 1233 745 Iacst‘),

131 773 252 835 dilectu
270 772 392 847 habits),
410 793 510 854 quam
534 772 707 836 celerrime
729 772 901 853 profectus
924 782 984 848 est,
1002 783 1039 836 ut
1060 773 1165 838 hostis
1184 795 1235 838 co-

106 884 271 953 serceret;
304 897 446 958 cumque
473 877 575 939 multa
602 877 691 939 milia
719 896 878 957 passuum
910 878 972 940 iter
1003 878 1148 954 fecisset,
1172 888 1235 941 etsi

132 981 251 1043 milites
283 981 464 1042 labnrandr')
495 981 619 1043 defessi
646 981 749 1043 semel
780 980 966 1064 iterumque
997 981 1169 1064 negabant
1199 989 1235 1044 se

131 1085 262 1166 longius
280 1093 523 1166 prngressur6S‚
542 1086 694 1166 pervenit
715 1092 883 1165 postremi)
905 1085 947 1148 ad
963 1095 1073 1148 castra
1090 1088 1235 1149 munitis-

132 1190 224 1264 sima,
253 1210 339 1272 quae
369 1191 403 1252 in
430 1198 502 1271 ripa
529 1189 674 1252 fluminis
706 1189 908 1271 Tallapusae
940 1199 1122 1271 posuerant
1149 1191 1234 1252 Indi.
1329 1263 1332 1268 ¹

133 1294 201 1359 Ubi
216 1294 337 1357 acriter
353 1302 538 1376 pugnatum
555 1304 606 1356 est
620 1314 627 1368 ;
651 1304 760 1357 castra
773 1302 886 1356 tamen
900 1303 978 1356 sunt
989 1304 1098 1375 capta,
1112 1294 1236 1357 hostes·

92 1429 122 1464 ιο
132 1419 195 1480 que
212 1419 319 1480 paene
336 1399 378 1460 ad
395 1407 498 1460 imum
511 1408 569 1460 aut
582 1398 626 1460 ibi
639 1400 809 1479 perierunt
821 1407 879 1460 aut
890 1397 923 1461 in
936 1397 1106 1460 Flbridam
1118 1398 1236 1479 fugere

132 1510 238 1564 coacti
254 1513 339 1566 sunt.
387 1503 535 1566 Victuria
553 1512 676 1583 potitus
691 1503 788 1564 Iacsr‘)
804 1507 934 1564 summa
949 1502 1106 1566 cumitate
1122 1509 1235 1583 regem

134 1607 290 1669 Indr'num
316 1609 454 1688 accepit,
472 1617 529 1689 qui
551 1614 638 1689 equr‘)
662 1615 777 1669 vectus
798 1615 909 1668 castra
927 1604 1050 1669 intrare
1069 1615 1120 1669 est
1136 1626 1237 1669 ausus

133 1719 273 1792 petitum
298 1721 335 1774 ut
365 1712 536 1773 frumenti)
566 1711 761 1774 Americani
791 1711 945 1773 iuvarent
975 1710 1129 1773 mulieres
1161 1709 1237 1772 libe-

132 1823 251 1896 rnsque
269 1816 380 1890 Indus,
398 1816 505 1896 quiin
521 1815 613 1878 silvis
634 1815 775 1878 latentes
796 1815 921 1877 famem
945 1821 1047 1895 aegre
1069 1814 1135 1877 iam
1160 1814 1236 1878 tole-

92 1919 259 1995 15rabant.

557 2092 743 2157 LESSON
776 2094 819 2155 80

538 2277 674 2339 Pirutes
695 2275 823 2338 Asbora

178 2441 356 2522 Quondam
373 2441 407 2502 in
424 2447 507 2502 mari
522 2439 695 2502 Atlanticr')
708 2439 892 2502 secundum
906 2439 983 2502 litus
996 2438 1237 2502 Americanum

133 2545 220 2607 ultrr‘)
236 2544 384 2624 citrr'ique
401 2543 604 2624 navigabant
621 2551 756 2624 piratae,
775 2550 832 2624 qui
855 2536 1009 2605 omnibus
1036 2543 1116 2605 locis
1136 2550 1239 2605 naves

133 2648 186 2712 vel
201 2649 422 2710 Americanas
438 2646 490 2709 vel
509 2627 717 2708 Britannicaa
734 2646 943 2726 spoliabant3
970 2653 987 2708 ἓ
1004 2645 1124 2728 quibus
1142 2653 1237 2720 unus,

135 2772 284 2815 summae
307 2751 467 2813 audaciae
493 2751 601 2825 homr‘),
629 2750 797 2813 liburnicis
825 2760 977 2831 praeerat
1000 2750 1236 2832 compluribus

94 2883 126 2917 20
137 2859 170 2920 Is
193 2857 271 2919 alim
295 2863 493 2937 oppugnare
515 2853 686 2917 cunstituit
708 2853 870 2934 oppidum
896 2854 1123 2936 longinquum,
1150 2854 1238 2935 quod

135 2981 316 3042 numquam
333 2967 432 3022 antea
449 2958 625 3040 spoliatum
639 2968 719 3033 erat,
737 2959 897 3041 cuiusque
913 2959 1043 3021 incolae
1055 2958 1239 3039 locupletes

135 3085 209 3128 esse
226 3065 429 3126 dicebantur.

181 3170 259 3232 Sine
288 3169 486 3230 dctrimentr')
513 3165 696 3229 liburnicae
726 3165 760 3228 in
789 3176 921 3247 portum
952 3173 1132 3241 venerunt3
1169 3177 1238 3228 tum

197 3353 221 3398 4.
249 3336 364 3386 dilectu:
397 3336 520 3400 dilectus,
545 3337 595 3399 -ῡε,
618 3347 661 3398 Μ.,
761 3350 799 3395 13·
827 3335 960 3399 petitum:
982 3331 1094 3400 supine3
1123 3332 1241 3386 another

135 3415 203 3484 levy.
616 3403 622 3410 ’
715 3431 773 3482 way
807 3413 838 3466 of
870 3414 968 3482 saying
1004 3416 1035 3465 ut
1070 3417 1184 3478 peteret.
1206 3444 1240 3453 —-

198 3512 220 3559 5.
246 3501 314 3548 etsi:
348 3495 500 3564 modifying
533 3495 579 3547 the
603 3512 663 3564 pre·
715 3495 871 3546 frumentii:
912 3494 944 3562 (a
976 3494 1158 3545 contributam
1190 3495 1238 3564 eff)

136 3577 238 3647 ceding
250 3577 349 3630 clause.
709 3577 805 3644 gram.

198 3666 221 3709 6.
246 3661 405 3711 laburandr'r:
425 3657 539 3727 gerund.
761 3674 801 3719 14.
827 3658 961 3708 latentes:
993 3657 1023 3707 in
1047 3654 1121 3707 their
1145 3654 1245 3723 hidz'ng

183 3758 222 3796 υ.
248 3739 376 3791 victurii:
408 3738 456 3790 the
491 3754 567 3790 same
600 3754 664 3791 con·
711 3737 820 3807 places:
840 3736 881 3789 lit.
895 3735 985 3789 what?

137 3820 271 3884 struction
284 3836 314 3874 as
328 3818 393 3872 with
406 3822 474 3872 utor.
762 3833 802 3890 17.
828 3818 1012 3892 navigabant:
1030 3816 1216 3895 keptsailing.
