2920 4296
546 316 660 376 FIRST
686 317 809 377 LATIN
835 317 999 376 READER

630 501 814 607 Lessou
851 543 911 605 106

581 726 648 790 The
669 726 799 808 Enemy
820 726 966 790 Prevail

263 889 457 952 Accedebat
469 899 506 954 ut
522 889 641 952 milites
659 890 754 952 multi
770 887 812 951 ab
834 896 938 972 signis
957 890 1169 953 discederent
1187 898 1220 952 et
1235 889 1326 952 bona

220 1012 280 1056 sua
295 994 465 1056 cerissima
482 992 524 1055 ab
545 993 792 1074 impedimentis
814 993 961 1077 arripere
977 1000 1198 1056 cernerentur:
1222 999 1326 1055 ceteri

219 1106 340 1170 autem,
357 1116 559 1179 quamquam
584 1101 603 1158 e
627 1097 775 1160 Fortr'rne
795 1097 1044 1172 deserebantur,
1060 1107 1173 1160 tamen
1190 1115 1325 1159 omnem

220 1219 313 1282 spem
325 1199 441 1263 salr'rtis
453 1201 487 1263 in
500 1200 622 1264 virtsrte
633 1201 813 1282 periebant,
825 1210 858 1264 et
871 1203 1025 1283 quotiens
1039 1219 1191 1283 quaeque
1203 1201 1326 1263 cohors

195 1311 441 1386 sprocurrerat
456 1304 497 1367 ab
510 1311 550 1366 ee
562 1315 657 1384 parte
673 1324 816 1385 magnus
834 1324 993 1369 numerus
1010 1305 1156 1368 hostium
1171 1302 1324 1367 cadebat.

220 1407 296 1489 Que
318 1415 355 1471 re
379 1407 619 1484 animadversi,
641 1409 815 1472 Ambiorix
838 1417 916 1472 sues
940 1409 1058 1492 procul
1080 1409 1148 1472 tela
1171 1409 1326 1471 conicere

218 1511 314 1574 iussit
326 1531 388 1575 nec
402 1513 539 1594 propius
552 1514 720 1577 accedere.
769 1513 879 1596 Quam
896 1512 938 1576 ob
955 1533 1035 1589 rem,
1046 1533 1122 1576 cum
1134 1515 1200 1575 iam
1213 1513 1328 1593 aliqua

218 1615 338 1678 cohors
361 1626 548 1681 excesserat
568 1636 610 1680 ex
632 1617 712 1680 orbe
734 1626 835 1699 atque
854 1617 1017 1698 impetum
1038 1616 1175 1691 lecerat,
1193 1619 1326 1678 summe

218 1719 388 1783 celeritete
410 1720 587 1801 fugiebant
610 1721 739 1799 hostes;
765 1741 841 1784 cum
865 1732 976 1784 autem
1001 1723 1121 1784 cohors
1144 1740 1259 1782 rursus
1281 1719 1327 1781 ad

179 1850 210 1887 ro
218 1825 323 1886 aciem
346 1831 383 1886 se
405 1826 552 1906 recipere
576 1835 742 1906 coeperat,
758 1833 829 1888 tum
850 1825 946 1900 Galli,
964 1827 1111 1908 undique
1132 1831 1247 1900 coorti,
1270 1843 1328 1886 no-

219 1935 305 1991 stres
320 1930 480 1992 ecerrime
497 1927 702 2011 premebant.

172 2023 175 2030 ’
263 2031 347 2096 Cum
365 2040 411 2095 sic
427 2039 447 2094 e
460 2039 568 2114 prime
581 2032 655 2096 lr'rce
671 2033 714 2096 ad
726 2035 843 2097 heram
855 2041 1005 2097 octevam
1019 2041 1207 2116 pugnetum
1224 2042 1325 2108 esset,

219 2136 257 2199 T.
288 2137 491 2213 Balventius,
520 2137 570 2200 vir
596 2137 694 2200 fortis
719 2147 753 2201 et
777 2159 921 2218 magnae
948 2137 1164 2213 auctoritatis,
1193 2137 1327 2217 tregule

218 2239 365 2321 graviter
389 2242 584 2304 vulneretus
607 2251 674 2317 est;
699 2241 741 2325 Q.
761 2242 938 2317 Lr'rcenius,
957 2242 1136 2304 fortissime
1158 2247 1326 2323 pugnem,

180 2344 299 2419 isdum
323 2344 552 2408 circumventi)
577 2346 649 2408 filie
675 2346 824 2408 subsidie
848 2347 948 2421 venit,
973 2355 1025 2408 est
1047 2345 1261 2418 interfectus;
1287 2363 1328 2406 ac

221 2447 259 2510 L.
280 2448 379 2512 Cotta
402 2448 542 2530 legetuS,
565 2469 641 2512 cum
662 2450 781 2512 milites
803 2450 998 2525 horteretur,
1018 2450 1125 2511 funde
1148 2467 1328 2531 percussus

220 2561 279 2614 est.
327 2552 458 2634 Quibus
475 2554 574 2617 rebus
599 2561 772 2635 permetus
789 2553 942 2629 Sabinus,
960 2573 1036 2616 cum
1056 2553 1173 2634 procul
1190 2551 1329 2614 Ambio

219 2662 324 2736 rigem
353 2664 430 2720 sues
455 2657 685 2721 cohortantem
708 2656 946 2740 conspexisset,
977 2657 1194 2739 interpretem
1227 2675 1326 2719 suum

265 2824 289 2859 1.
315 2810 472 2861 accedebat:
497 2807 663 2878 impersonal
689 2825 746 2874 use,
799 2823 916 2860 cessum
929 2813 980 2874 est,
993 2810 1269 2861 mammet—orbe:
1290 2806 1327 2860 cs.

219 2887 501 2959 r'twasadded(that)
514 2907 520 2954 ;
532 2887 748 2959 freely‚nmtlers
798 2906 826 2959 p.
843 2902 901 2959 129,
914 2889 931 2942 l.
950 2903 990 2941 12.

218 2983 292 3021 were
300 2968 380 3020 made
389 2985 477 3021 worse
485 2970 517 3037 by
524 2969 569 3023 the
569 2971 636 3040 sacr
649 2970 747 3040 (that).
846 2986 886 3021 ιο.
906 2971 1007 3022 aciem:
1021 2971 1066 3022 τῖε.
1077 2972 1328 3023 orbem-coorti:
1444 2987 1445 3009 r

219 3077 254 3087 -
262 3050 296 3100 ab
308 3051 409 3114 signis:
429 3051 474 3102 asse.
490 3049 560 3103 from
572 3049 644 3104 their
655 3049 747 3119 places
799 3049 892 3120 freely,
905 3048 1009 3120 closing
1017 3051 1058 3103 in.
1436 3103 1439 3112 .

219 3126 248 3181 in
261 3127 308 3181 the
324 3127 389 3183 line.
429 3129 508 3183 Each
525 3129 622 3184 cohort
639 3128 695 3182 had
710 3129 747 3182 its
845 3148 884 3182 12.
912 3132 1005 3183 heram
1037 3133 1176 3184 activam:
1213 3127 1248 3184 cf.
1279 3128 1330 3184 the
1442 3175 1443 3178 ,

219 3224 281 3262 own
294 3208 395 3278 special
408 3209 563 3263 standards.
799 3218 863 3264 note
876 3226 914 3264 on
926 3227 953 3280 p.
970 3223 1012 3277 74,
1025 3209 1043 3262 1.
1061 3210 1101 3263 16.

263 3307 288 3353 4.
316 3290 467 3355 quotiens.
497 3329 503 3342 .
531 3329 538 3344 .
566 3294 745 3357 precurreret:
843 3308 882 3355 13.
910 3293 961 3343 T.:
982 3293 1027 3344 tle.
1043 3292 1132 3343 Titus.

219 3368 254 3424 cf.
280 3386 309 3439 p.
330 3383 373 3438 72,
391 3369 409 3424 l.
433 3384 456 3438 1,
474 3369 540 3425 with
559 3370 606 3425 the
625 3379 691 3425 note
710 3388 747 3425 on
845 3387 884 3436 ¹⁵·
911 3373 1107 3425 circumvento:
1121 3369 1253 3424 translate
1265 3369 1331 3441 bya
1439 3409 1440 3441 p

219 3449 266 3504 the
278 3449 437 3520 pluperfect.
798 3451 911 3508 relative
928 3451 1029 3507 clause.

264 3546 288 3595 5.
315 3534 365 3585 ab:
380 3529 416 3586 cf.
427 3532 474 3586 the
489 3549 538 3587 use
553 3530 585 3586 os
596 3531 652 3587 this
669 3549 745 3602 prep.
845 3540 884 3585 1⁶.
911 3533 1012 3594 fundi:
1027 3532 1119 3596 funde
1129 3547 1182 3598 -ao,
1191 3545 1229 3599 1².,
1238 3531 1330 3601 sung,-

219 3611 249 3665 in
266 3610 313 3665 the
329 3611 429 3681 phrase
447 3618 465 3665 e
482 3615 746 3679 terge-carebat:
799 3630 845 3667 see
857 3613 904 3667 the
917 3612 1080 3667 illustration
1093 3628 1130 3666 on
1143 3630 1171 3683 p.
1189 3626 1247 3678 140.

221 3698 285 3746 note
298 3689 345 3746 the
358 3700 445 3747 tense.
846 3701 885 3747 18.
912 3697 990 3746 enee:
1022 3691 1151 3747 reflexive
1170 3700 1200 3746 to
1219 3694 1330 3746 Ambio-
1435 3727 1436 3785 l

265 3787 291 3836 7.
316 3774 441 3839 propius:
461 3773 550 3828 absol.
565 3790 686 3843 compar.
799 3778 893 3840 rigam.
910 3805 944 3814 -
963 3775 1154 3840 interpretem:
1186 3774 1331 3839 interpres,
1434 3799 1435 3871 p

263 3858 290 3905 8.
316 3856 482 3906 acesceret:
503 3857 607 3920 excede,
620 3870 645 3923 3,
660 3858 748 3918 -ceeal,
800 3856 873 3921 etis,
886 3867 924 3921 c.‚
936 3857 1114 3924 interpreter.
1403 3861 1406 3868 '
