2824 4292
418 288 531 346 rrnsr
556 287 678 345 rnrru
704 288 868 346 Runusu
1151 309 1191 372 35

73 475 122 530 ut
146 467 204 530 hic
226 468 318 532 locus
333 468 577 542 defenderetur,
593 467 721 532 civibus
741 476 852 532 tamen
876 475 943 531 suis
963 467 1043 532 satis
1064 475 1193 533 metere

75 572 250 635 auxilium
265 572 355 636 ferre
371 580 437 636 nen
453 573 571 655 potuit.

517 836 701 904 LESSON
735 853 771 917 31

195 1004 262 1068 The
283 1004 478 1089 Begr'nning
496 1005 538 1087 of
553 1004 606 1068 tlte
629 1005 751 1069 Frende
773 1005 846 1069 and
862 1004 987 1070 Indian
1018 1004 1099 1071 War

131 1159 184 1223 At
206 1169 321 1243 paucis
345 1167 421 1242 post
442 1158 570 1235 diebus,
595 1179 654 1240 per
680 1159 752 1222 ioca
778 1178 899 1240 aspera
924 1165 1055 1224 summe
1078 1159 1192 1223 labere

83 1271 299 1346 pregressus,
318 1263 353 1325 in
373 1261 517 1326 hostium
540 1263 626 1325 fines
648 1264 799 1344 pervenit
817 1263 993 1345 Vasingte,
1016 1274 1192 1348 castraque

54 1367 133 1442 sibi
149 1387 255 1448 parva
271 1366 390 1449 posuit.
438 1366 570 1430 Deinde
589 1366 689 1448 paule
707 1366 839 1448 longius
856 1368 1028 1448 profectus
1044 1367 1193 1451 explere·

83 1477 178 1534 teres
189 1471 277 1553 cepit
288 1478 426 1552 pauc6s3
439 1480 510 1534 tum
521 1480 632 1534 autem
643 1470 763 1533 certior
773 1470 883 1533 iactus
894 1471 1008 1534 Galles
1022 1468 1192 1555 Indesque

85 1575 208 1639 adesse
232 1574 400 1656 plurimes,
422 1575 541 1638 iterum
565 1581 602 1637 se
623 1575 658 1636 in
681 1582 791 1637 castra
813 1573 948 1655 recepit.
996 1573 1074 1656 Qud
1100 1575 1191 1638 facte>

86 1679 187 1756 Galli,
200 1699 275 1742 curn
289 1679 386 1741 sociis
404 1678 497 1741 Indis
509 1677 660 1742 celeriter
672 1684 850 1752 censecdti,
864 1676 898 1739 in
909 1686 1017 1740 castra
1029 1678 1190 1760 impeturn

85 1783 242 1864 fecerunt
252 1781 448 1845 acerrimum
457 1801 464 1857 ;
484 1782 544 1845 sed
555 1788 733 1863 postreme,
747 1780 872 1844 coldnis
883 1781 1004 1844 multes
1016 1782 1191 1845 heresin]-

42 1893 158 1950 xostra
176 1892 388 1968 oppugnetis
406 1893 425 1949 e
440 1891 557 1948 castris
573 1884 817 1966 Vasingtenem
838 1904 914 1947 cum
935 1895 1035 1948 armis
1053 1892 1094 1949 ee
1116 1906 1191 1949 con-

87 1986 219 2050 diciene
234 1995 323 2050 exire
343 1995 433 2068 passi
453 1995 541 2060 sunt,
557 1995 594 2048 ut
614 1984 793 2049 exercitum
808 2005 851 2048 ex
868 1984 920 2047 his
936 1984 1061 2047 finibus
1078 1985 1189 2048 statim

88 2090 271 2154 redeceret.
311 2088 373 2152 iile
385 2087 486 2171 igitur
497 2090 620 2152 invitus
631 2090 767 2152 domum
779 2087 842 2152 iter
853 2089 966 2153 facere
978 2095 1112 2152 coectus
1128 2098 1188 2153 est.

134 2194 271 2257 Postere
285 2203 397 2256 autem
414 2201 503 2257 anne
519 2201 538 2256 e
554 2193 726 2257 Britannie
745 2192 893 2274 legidnes
912 2193 1100 2276 compleres
1116 2194 1191 2257 mis-

91 2317 147 2361 sae
162 2307 239 2360 sunt
257 2298 300 2360 ad
315 2297 430 2362 Galles
449 2298 666 2379 expellendes
684 2318 725 2361 ex
743 2304 791 2360 eis
810 2297 901 2372 locis,
919 2297 1007 2360 unde
1025 2296 1073 2360 illi
1091 2298 1190 2361 modo

50 2401 332 2483 15Vasingtenem
352 2401 524 2465 discedere
545 2410 733 2483 coegerant.
782 2401 970 2484 Imperator
991 2401 1101 2466 factus
1120 2411 1191 2466 erat

91 2505 140 2568 vir
156 2501 375 2582 Britannicus,
389 2503 523 2569 nemine
541 2505 703 2581 Braddoc,
716 2506 783 2567 dux
795 2505 901 2582 fortis,
915 2512 973 2588 qui
984 2515 1097 2569 tamen
1114 2526 1190 2569 cum

51 2622 56 2629 ’
95 2609 184 2672 Indis
206 2608 331 2671 bellurn
356 2628 473 2690 gerere
497 2608 676 2673 nesciebat.
729 2608 896 2672 Credebat
917 2616 997 2671 vere
1020 2616 1056 2672 se
1079 2610 1190 2672 omnia

94 2721 181 2788 scire,
205 2733 315 2796 neque
337 2719 358 2776 5
380 2713 590 2794 Vasingtene
613 2722 670 2776 aut
693 2712 828 2794 reliquis
851 2712 977 2776 colenis
1000 2719 1036 2776 se
1060 2721 1188 2777 moneri

93 2816 238 2893 volebat;
263 2823 374 2898 quere,
391 2836 467 2880 curn
484 2817 526 2878 ad
541 2816 665 2880 bellurn
682 2817 854 2898 profectus
871 2825 968 2892 esset,
986 2837 1188 2899 quamquam

55 2939 87 2975 ω
96 2919 294 2982 multamilia
307 2941 466 3002 passuum
480 2941 541 3002 per
549 2919 620 2983 vies
633 2920 835 3002 pericuiesers
849 2919 1015 3002 silvisque
1029 2921 1190 2984 maximes

95 3023 152 3087 iter
176 3023 363 3106 legienibus
390 3033 463 3088 erat
488 3024 689 3098 faciendum,
718 3022 944 3105 expleretdres
975 3024 1190 3106 praemittere

96 3174 186 3245 phrase
217 3192 279 3245 may
302 3175 337 3230 be
367 3174 501 3229 rendered
531 3173 615 3244 sreely
711 3192 749 3238 ¹4·
775 3176 810 3227 ad
820 3176 911 3229 Galles
920 3175 1108 3241 expellendus:
1129 3193 1191 3244 pur-

96 3255 152 3307 that
164 3254 197 3307 hc
213 3261 286 3307 must
301 3261 377 3308 caer!
394 3255 511 3325 ht'nrsels
521 3261 549 3308 to
569 3254 615 3308 the
664 3272 732 3324 pose
745 3255 852 3322 clause3
872 3256 908 3310 cf.
919 3256 966 3310 the
976 3255 1080 3310 similar
1091 3256 1191 3324 phrase

98 3335 248 3406 utmostsor
259 3334 304 3388 the
315 3337 431 3406 defense,
444 3345 495 3389 etc.
664 3352 703 3390 on
715 3353 742 3404 p.
757 3349 800 3404 34,
813 3336 830 3388 l.
846 3350 886 3405 15·

154 3432 175 3467 r.
201 3418 274 3468 suis:
294 3416 419 3470 modifier
430 3415 462 3469 of
470 3417 584 3470 civibus.
711 3433 749 3481 17.
774 3431 880 3482 gerere:
912 3415 946 3471 cf.
979 3418 1026 3471 the
1056 3415 1191 3470 infinitive

153 3502 174 3549 8.
198 3498 289 3550 Indis:
309 3495 482 3566 hereasadj.
663 3496 729 3550 with
759 3499 904 3565 nesciebat,
946 3514 973 3567 p.
1005 3499 1030 3563 8,
1066 3497 1085 3549 l.
1124 3513 1191 3550 2.-

140 3594 174 3629 10.
199 3581 232 3629 ee
249 3579 403 3631 condiciene
423 3615 430 3628 .
509 3581 556 3631 ut:
577 3595 612 3632 on
664 3581 708 3630 se:
728 3577 795 3632 ornit
814 3577 843 3632 in
862 3578 1189 3632 translation-omnia:
1285 3570 1287 3576 ’

100 3656 161 3712 these
170 3662 263 3724 tcrms,
275 3657 344 3712 that.
663 3657 706 3711 all
723 3659 817 3728 (about
833 3659 879 3713 tlte
889 3659 1013 3728 subject).

141 3755 174 3790 ια.
199 3739 317 3791 invitus:
350 3737 383 3792 cf.
415 3737 461 3792 the
487 3745 552 3793 note
575 3755 613 3793 on
708 3756 749 3790 αι.
773 3741 940 3804 legienibus:
968 3738 1009 3793 for
1027 3745 1134 3807 syntax,
1153 3737 1187 3792 cf.

102 3821 188 3882 laetus,
199 3834 228 3888 p.
242 3818 297 3886 2,t
312 3817 353 3871 16.
665 3819 726 3883 sibi,
739 3837 766 3888 p.
779 3833 822 3886 34,
835 3819 853 3872 l.
869 3834 913 3872 21.
