2878 4286
214 349 252 428 56
540 346 652 404 FIRST
678 347 799 404 LATIN
827 345 992 404 READER

213 531 276 594 lam
295 531 407 594 statim
423 529 563 604 demisit,
578 535 621 591 ne
633 527 712 610 quid
729 527 843 591 hostes
857 528 1123 609 suspicerentur3
1149 545 1188 589 ac
1201 544 1323 588 servus
1425 515 1426 530 ¹

212 634 305 711 alter,
323 643 380 716 qui
402 633 495 696 nirllo
518 633 617 696 modo
633 632 775 695 evidere
799 640 939 713 poterat,
957 638 1016 694 tris
1039 629 1111 694 dies
1134 636 1324 712 noctesque

213 736 276 802 sub
291 737 430 803 aedibus
445 737 565 802 dicitur
581 736 653 801 sine
669 743 756 820 aqui
772 735 889 800 cibrive
906 735 1078 799 mansisse.

632 1007 817 1076 LESSON
847 1009 890 1088 48
934 1109 940 1118 ·

462 1194 494 1257 T
487 1194 528 1257 lte
548 1195 698 1278 Attempt
720 1205 752 1258 to
774 1194 921 1277 surprise
944 1193 1078 1258 Detroit

259 1361 439 1441 Postquam
462 1358 595 1433 bellum,
613 1358 702 1440 quod
718 1365 737 1420 ἑ
755 1356 924 1420 Britannis
943 1377 1019 1420 cum
1037 1356 1140 1422 Gallis
1158 1356 1325 1439 Indisque

190 1462 401 1549 5gerebittur,
420 1482 526 1544 paene
549 1463 739 1526 confectum
761 1472 821 1537 est,
845 1462 1015 1543 multaque
1036 1461 1173 1525 castella
1192 1461 1325 1542 longin-

215 1588 281 1650 qua
317 1568 351 1629 in
391 1573 590 1648 potestatem
623 1565 857 1628 Britannorum
888 1573 1060 1640 venerunt,
1093 1565 1228 1647 quidam
1263 1572 1325 1628 rex

216 1671 385 1746 Indorum,
409 1671 543 1732 nomine
570 1670 714 1743 Pontiae,
739 1668 805 1731 dux
829 1669 924 1732 fortis
948 1679 982 1731 et
1004 1677 1089 1745 ricer,
1110 1668 1247 1732 castella
1263 1668 1325 1732 illa

214 1775 361 1857 recipere
387 1775 631 1856 Britannosque
662 1774 708 1836 ita
738 1793 779 1836 ex
801 1782 849 1837 eis
874 1773 1068 1854 regionibus
1091 1773 1259 1854 expellere
1283 1779 1324 1836 se

215 1899 314 1960 posse
335 1885 469 1960 sperire
491 1879 618 1959 coepit;
643 1884 756 1959 quire,
774 1877 921 1940 conciliis
945 1877 1092 1960 undique
1116 1883 1321 1953 convocetis

176 1983 319 2047 rolndos
344 1983 493 2045 hortatus
517 1991 568 2044 est
592 1991 628 2044 ut
651 1988 688 2043 se
710 1980 842 2044 fortiter
862 1992 1081 2063 sequerentur
1097 1990 1197 2064 atque
1215 1981 1322 2044 hostis

215 2087 338 2150 invisos
354 2086 394 2148 ad
412 2093 515 2148 tinum
531 2086 764 2148 interficerent.

259 2191 343 2254 Cum
368 2189 432 2251 iam
457 2190 499 2252 ad
522 2188 658 2252 caedem
682 2190 870 2252 faciendam
892 2190 969 2252 Indi
983 2192 1096 2254 omnia
1112 2190 1320 2273 expedirent,

215 2293 386 2356 &castello
409 2294 553 2375 quodam
576 2294 693 2356 mulier
716 2294 803 2356 forte
827 2301 965 2375 egressa
986 2295 1146 2358 barbaros
1163 2294 1196 2356 in
1212 2293 1322 2358 taber-

214 2399 341 2461 niculis
353 2417 444 2460 arma
457 2404 574 2479 parire
587 2398 829 2461 animadvertit.
877 2398 954 2480 Qui
966 2406 1002 2460 re
1014 2399 1174 2474 nrintir'ttr'n
1188 2399 1321 2480 legitus

176 2523 204 2576 ¹5
217 2501 436 2576 Britannicus,
454 2511 510 2583 qui
525 2500 569 2562 ibi
594 2511 756 2582 praeerat,
773 2502 855 2564 nihil
878 2511 991 2565 tamen
1007 2504 1193 2578 veribitur,
1210 2503 1320 2566 donec

216 2605 326 2686 puella
344 2603 437 2680 Inda,
455 2625 541 2686 quae
564 2624 640 2667 eum
665 2605 807 2681 amithal,
825 2607 999 2669 castellum
1024 2615 1152 2670 maesta
1172 2605 1317 2680 intrivit,

215 2707 456 2790 consiliumque
479 2717 586 2772 tritum
611 2709 771 2771 Indorum
794 2709 948 2774 ostendit.
995 2711 1083 2772 Tum
1102 2716 1182 2773 vero
1204 2710 1320 2774 castel-

216 2812 283 2875 lum
308 2812 466 2875 custodiis
489 2812 668 2875 maioribus
691 2813 861 2875 firmitum
885 2823 945 2888 est,
965 2834 1027 2877 nec
1050 2814 1149 2877 nimis
1170 2821 1318 2892 metir&

215 2932 292 2975 nam
317 2919 450 2994 posteri
474 2922 571 2975 nocte
595 2913 710 2994 procul
733 2914 767 2974 in
792 2913 882 2976 silvis
906 2914 1012 2976 audiri
1042 2922 1175 2996 poterat
1199 2922 1320 2978 cantus

271 3093 292 3130 r.
318 3079 443 3130 dimisit:
497 3086 546 3132 not
582 3079 741 3130 dimisit-
853 3096 880 3143 9.
906 3093 1001 3146 posse:
1020 3078 1106 3132 could.

216 3160 295 3225 quid:
316 3161 360 3212 ic.
381 3160 495 3224 aliquid.
541 3157 667 3212 Alternia
685 3159 741 3213 and
838 3178 879 3214 ro.
904 3165 949 3214 si:
969 3152 1036 3213 him.

215 3244 249 3306 si,
262 3235 311 3293 the‘
321 3240 398 3293 short
412 3239 495 3292 forms
510 3241 580 3306 quis,
590 3241 663 3307 quid,
677 3249 739 3305 etc„
838 3261 877 3306 14.
905 3247 958 3308 qui
970 3247 1013 3293 ri:
1031 3242 1274 3295 thisobservation.

215 3337 262 3374 are
273 3320 407 3391 regularly
419 3320 497 3373 used.
838 3339 877 3387 ¹⁵·
903 3324 1018 3374 nihil..
1035 3320 1318 3391 merebiturzfreely,

268 3418 293 3464 a.
319 3402 432 3454 dicitur:
462 3400 495 3455 cf.
509 3403 641 3470 dicuntur,
654 3420 682 3473 p.
698 3416 740 3472 55,
785 3404 841 3475 felt
853 3420 888 3456 no
899 3419 1030 3467 concern5
1047 3401 1088 3454 lit.
1103 3401 1193 3454 what?

214 3479 234 3534 l.
249 3494 275 3548 7.
837 3491 877 3536 18.
904 3484 1001 3534 nimis:
1045 3481 1119 3547 adv„
1152 3487 1204 3534 too.
1254 3481 1318 3535 The

267 3581 294 3628 4.
320 3565 519 3630 bellum,quod,
534 3570 602 3617 ete:
624 3563 740 3633 namdy,
792 3564 880 3618 whole
907 3563 1005 3632 phrase
1034 3579 1095 3632 may
1119 3560 1155 3616 be
1182 3561 1318 3615 rendered

215 3641 262 3697 the
276 3643 382 3698 French
395 3643 450 3696 and
464 3643 563 3697 Indian
577 3645 651 3712 War.
792 3642 876 3714 sreely
893 3644 955 3696 and
970 3660 1040 3696 none
1056 3648 1100 3695 tao
1117 3659 1190 3695 soon.

268 3731 293 3776 8.
320 3726 451 3789 recipere:
488 3724 683 3793 aeompound
705 3723 739 3778 of
838 3742 877 3788 19.
904 3727 1006 3776 audiri:
1028 3731 1093 3777 note
1106 3722 1153 3776 the
1168 3721 1222 3776 last
1238 3721 1319 3776 letter

215 3805 301 3869 capii.
352 3803 421 3857 This
447 3804 503 3857 and
529 3805 576 3858 the
601 3804 742 3876 following
792 3804 823 3858 os
844 3805 891 3859 the
912 3804 1162 3858 word—cantus:
1188 3801 1224 3856 ef.
1247 3819 1274 3872 p.
1292 3819 1317 3872 3,

214 3886 292 3939 infin.
307 3884 417 3954 depend
429 3900 467 3937 on
479 3898 567 3952 posse,
580 3884 600 3937 l.
614 3901 640 3956 9.
790 3884 811 3937 l.
825 3899 852 3938 2.
