2920 4296
454 367 567 424 FIRST
593 367 716 426 LATIN
742 368 907 425 READER
1191 369 1231 451 85

128 566 204 612 cum
221 559 354 631 praetor
369 549 404 611 in
422 548 532 613 Sicilie
553 559 651 625 esset,
668 549 822 613 omnibus
846 549 927 613 locis
950 549 1073 632 oppida
1095 552 1233 632 templa-

129 674 193 735 que
213 653 385 735 spolifrvit3
409 661 488 736 quin
508 653 608 717 etiam
627 663 741 717 tantae
761 663 832 716 erat
854 653 1021 731 aviritiae,
1039 662 1136 718 utne
1156 676 1234 737 pau-

129 758 263 840 perrimi
284 757 417 840 quidem
440 757 544 822 Siculi
562 757 650 821 bona
673 758 785 820 videre
806 768 930 838 posset,
955 768 1033 841 quin
1058 758 1169 821 statim
1194 779 1234 822 ea

129 862 299 944 possidere
327 861 436 925 vellet.
484 862 657 925 Interdum
686 871 797 923 autem
828 867 849 923 ἵι
879 868 947 924 suis
977 861 1153 926 comitibus
1183 873 1236 926 est

104 966 250 1042 selinus.
776 1046 778 1050 Ι

174 1071 267 1135 SIcut
283 1071 462 1134 memoriae
477 1070 635 1134 triditum
652 1079 702 1134 est
718 1091 794 1134 eum
813 1069 893 1133 olim
916 1069 1089 1135 certiorem
1106 1072 1234 1135 factum

130 1175 261 1238 cuidam
279 1173 392 1237 Siculo
415 1195 489 1238 esse
513 1174 579 1237 duo
601 1175 721 1256 pocula
744 1185 903 1256 argentea
910 1196 918 1254 3
943 1183 1010 1259 quo
1033 1176 1155 1252 audito,
1173 1185 1236 1240 etsi

131 1280 231 1342 aedes
263 1278 410 1342 eiusdem
443 1273 586 1341 hominis
617 1286 725 1361 nuper
755 1279 918 1360 spoliatae
949 1290 1052 1356 erant,
1080 1281 1235 1343 nuntium

131 1383 242 1446 statim
268 1382 366 1458 misit,
389 1391 446 1464 qui
470 1384 590 1464 pocula
615 1383 658 1446 ad
684 1391 719 1446 se
746 1382 816 1446 sine
839 1390 932 1446 morri
953 1385 1078 1446 deferri
1097 1384 1234 1448 iuberet.

90 1513 122 1550 ιο
132 1488 263 1552 Siculus
285 1486 394 1568 igitur,
411 1485 594 1550 veritusne
611 1487 673 1550 sibi
695 1487 818 1550 malum
841 1487 1007 1551 accideret
1028 1469 1143 1563 mitius,
1162 1496 1238 1552 eon·

131 1592 242 1656 iestim
262 1612 337 1655 cum
359 1592 486 1674 poculis
504 1591 546 1654 ad
567 1599 754 1673 praetorem
777 1592 948 1672 profectus
972 1602 1032 1656 est.
1080 1587 1157 1676 Quo
1180 1591 1237 1656 ubi

132 1695 293 1780 perv'e'nit,
311 1708 444 1779 praetor
460 1697 548 1760 forte
568 1696 633 1758 iam
653 1698 863 1778 quiescebam
888 1697 948 1760 sed
967 1707 1044 1761 ante
1060 1697 1150 1761 iores
1170 1717 1236 1760 am-

131 1801 293 1866 bulfrbant
309 1803 443 1885 quidam
456 1822 497 1865 ex
510 1802 613 1882 ipsius
629 1808 754 1876 amicis,
766 1801 917 1864 homines
933 1801 1084 1883 improbi,
1097 1811 1236 1889 quorum

133 1916 245 1970 tamen
276 1906 414 1968 consilio
444 1907 499 1969 ille
530 1905 670 1969 multum
703 1912 752 1968 uti
779 1911 1012 1969 consueverat:
1040 1916 1098 1988 qui
1124 1906 1238 1971 Siculo

94 2012 255 2095 15statim,
279 2010 378 2074 “Ubi
403 2020 480 2073 sunt
502 2009 671 2091 pocula?’'
695 2010 859 2091 inquiunt.
906 2011 993 2072 Tum
1015 2012 1115 2074 homo
1138 2009 1238 2075 miser

134 2122 241 2196 primo
262 2122 356 2197 queri
377 2114 488 2197 coepit
509 2115 596 2177 bona
618 2115 730 2176 omnia
745 2113 807 2176 sibi
823 2113 914 2196 eripi,
932 2114 1053 2179 deinde
1069 2124 1126 2179 ebs
1142 2116 1239 2178 vehe-

134 2228 263 2282 menter
282 2220 433 2281 hortr'rtus
455 2228 506 2281 est
527 2228 563 2280 ut
579 2218 641 2280 sibi
658 2217 778 2279 auxilio
793 2227 914 2281 essent.
962 2218 1039 2301 Quo
1055 2219 1176 2296 audito,
1192 2220 1239 2282 illi

136 2322 336 2405 “Quantum
360 2322 455 2385 nobis
479 2321 605 2395 dabis,'’
622 2320 786 2402 inquiunt,
806 2325 863 2384 “si
884 2322 1004 2403 pbcula
1022 2323 1082 2386 tibi
1097 2332 1164 2386 non
1181 2324 1241 2409 eri-

135 2425 286 2510 pientur?
299 2425 315 2450 ”
362 2427 450 2489 Tum
475 2425 607 2490 Siculus
628 2431 689 2506 spe
710 2431 848 2500 erectus
865 2425 1152 2506 praemiumsatis
1173 2450 1239 2492 ma·

179 2638 203 2672 ι.
229 2621 338 2685 praetor
372 2618 547 2691 (bris,rr.):
597 2617 658 2690 (as)
758 2634 798 2669 ιο.
824 2620 942 2672 malum:
963 2635 994 2673 as
1008 2637 1091 2686 noun,
1108 2621 1241 2676 modified

130 2702 450 2771 gavamm-templa:
477 2717 524 2753 see
543 2699 590 2752 the
605 2699 661 2769 pic·
711 2695 749 2768 by
761 2699 860 2751 maius.

135 2779 237 2835 tureos
251 2797 268 2834 a
281 2779 395 2835 Sicilian
404 2781 506 2850 temple
516 2780 613 2834 shown
623 2797 660 2834 on
758 2795 798 2831 ιι.
824 2781 860 2832 ad
881 2783 1047 2846 praetorem:
1069 2789 1096 2836 to
1113 2783 1158 2836 tlte
1171 2800 1241 2854 gov-

135 2877 162 2930 p.
175 2860 219 2930 96.
712 2860 819 2933 ernor's
831 2863 968 2915 resr'dence
983 2862 1031 2934 (cf.
1045 2863 1062 2915 l.
1079 2864 1119 2932 r).

177 2958 200 2993 ι.
226 2945 321 2995 uotae
343 2979 351 2995 .
370 2979 376 2994 .
396 2980 402 2995 .
424 2943 579 2995 aviritiae:
620 2940 662 2996 for
759 2957 798 2992 12.
813 2941 899 2994 forte:
915 2942 979 2996 with
993 2943 1041 2997 the
1053 2943 1129 3010 verb,
1142 2946 1242 2999 render

134 3030 242 3092 syntax,
261 3022 296 3077 ef.
316 3040 343 3093 p.
361 3023 404 3085 62,
421 3021 439 3076 1.
457 3038 661 3089 14—pauper-
711 3023 728 3052 “
736 3021 860 3075 chanced
873 3029 903 3076 to
911 3023 943 3090 ”3
963 3021 998 3077 cf.
1018 3023 1066 3079 the
1083 3023 1140 3079 free
1158 3033 1241 3080 treat-

134 3105 211 3156 rimi:
232 3118 343 3171 pauper,
360 3105 435 3170 -eris,
453 3103 515 3173 adj,
525 3108 606 3175 poor.
711 3109 786 3155 ment
799 3101 831 3156 of
838 3104 962 3170 libenter,
975 3121 1002 3173 p.
1018 3103 1091 3172 77,l.
1106 3121 1148 3159 10.

158 3202 203 3248 ·3.
231 3188 297 3250 quin
318 3221 326 3236 .
348 3222 354 3236 .
375 3222 381 3236 .
402 3187 507 3238 vellet:
543 3183 660 3238 without
756 3200 797 3246 13·
823 3184 923 3250 ipsius:
936 3186 1242 3253 i.e.verris.—impro-

133 3265 259 3335 wishing,
283 3263 324 3319 lit.
347 3265 395 3318 but
413 3265 475 3318 tlzat
504 3262 599 3336 (quin)
627 3265 660 3318 lu
710 3265 750 3316 bi:
764 3264 909 3332 improbus,
918 3280 1026 3333 -a,·um,
1035 3268 1239 3338 unprincibled.

126 3347 251 3399 wanted.
755 3361 795 3408 14.
821 3347 884 3398 uti:
912 3344 1004 3416 freely,
1025 3348 1135 3417 depend
1154 3355 1239 3418 upon.

178 3445 204 3490 4.
230 3427 383 3494 possidere:
446 3428 579 3496 possideo,
633 3442 659 3496 2,
709 3428 944 3479 -cbneueveratz
965 3425 998 3480 cf.
1011 3445 1040 3496 p.
1055 3428 1096 3495 76,
1110 3427 1126 3480 l.
1140 3443 1184 3481 21.

133 3509 212 3575 -sedi,
260 3523 371 3576 -eessus,
414 3512 657 3580 possem-suis:
756 3512 796 3558 16.
822 3508 891 3559 eibi:
911 3507 967 3561 dat.
981 3506 1012 3561 of
1025 3508 1240 3580 disadvantage3

135 3597 200 3643 note
218 3588 266 3643 the
287 3587 410 3660 position
425 3588 457 3642 of
472 3589 518 3643 the
531 3589 658 3644 word.-
709 3603 750 3641 we
761 3587 851 3641 would
864 3605 913 3658 say
923 3589 1021 3660 “from
1034 3587 1119 3642 him.”

134 3672 177 3722 est
189 3671 296 3722 elusus:
315 3687 376 3723 was
387 3669 506 3723 cheatcd.
755 3684 795 3732 17.
821 3669 939 3721 auxilio:
959 3666 993 3723 cf.
1005 3686 1033 3737 p.
1046 3670 1087 3736 78,
1097 3669 1115 3723 l.
1127 3685 1152 3740 5.

176 3757 201 3804 6.
228 3753 372 3804 memoriae
393 3754 527 3805 triditum
545 3756 611 3805 est:
635 3755 659 3806 it
755 3755 795 3800 18.
820 3752 968 3815 quantum:
987 3766 1018 3802 as
1031 3766 1115 3804 noun.

133 3832 306 3897 tirecorded,
326 3831 367 3886 lit.
382 3832 566 3886 itz'rhanded
576 3833 656 3886 down
755 3849 795 3895 19.
821 3834 926 3885 erectus
959 3833 1010 3902 (-a,
1042 3848 1107 3900 -um,
1134 3836 1240 3904 part.):

132 3913 381 3967 toremcmbrance.
708 3912 805 3982 elated,
812 3929 846 3969 or
856 3915 993 3985 inspired.
