2824 4292
415 357 528 415 FIRST
553 357 675 415 LATIN
702 357 867 415 READER
1153 373 1190 418 21

79 548 174 615 rant,
187 558 320 602 ornnem
334 538 449 601 sallitis
462 558 556 620 spem
567 539 633 600 iarn
646 538 876 620 deponebant3
894 537 952 601 sed
966 536 1076 600 subito
1089 537 1194 600 imber

81 653 223 706 coortus
239 651 290 706 est
306 642 476 718 maximus
495 649 561 724 quo
580 643 676 724 ignes
695 651 773 705 sunt
791 649 935 705 extincti
984 641 1098 724 Qur'rre
1120 641 1195 704 Indi

82 753 212 810 conatu
229 747 390 811 desistere
406 753 511 809 coicti
527 755 615 809 sunt.

514 967 697 1034 LESSON
735 971 771 1032 18

374 1137 405 1201 A
431 1137 654 1201 Remarkable
677 1136 890 1201 Deliverance

135 1277 213 1341 Hoc
225 1276 458 1359 feretempore
469 1275 533 1338 alif)
543 1275 576 1338 in
587 1275 712 1358 oppido
723 1275 848 1339 latebat
858 1277 1039 1358 imperator
1050 1274 1193 1357 quidam,

61 1389 147 1463 squi
164 1388 182 1444 ἐ
199 1380 371 1444 Britanniis
390 1381 491 1462 paulo
510 1389 587 1442 ante
607 1379 751 1461 fugerat,
769 1380 859 1462 quod
881 1387 937 1443 rex
959 1380 1193 1443 Britannorum

87 1505 167 1548 eum
183 1483 316 1549 volebat
330 1484 526 1547 interficere.
576 1484 690 1546 Homo
710 1484 835 1547 scilicet
853 1483 988 1546 nolebat
1009 1477 1210 1565 oppidinos'

89 1597 295 1671 cognoscere
317 1595 353 1650 se
371 1586 416 1650 ibi
437 1587 547 1651 latere.
598 1587 664 1651 Sed
684 1588 771 1663 olim,
792 1608 868 1650 cunr
888 1588 996 1650 coloni
1014 1588 1048 1649 in
1070 1587 1196 1667 templo

90 1693 248 1758 adessent
264 1699 388 1768 omnes
403 1698 475 1754 tuto
492 1698 528 1754 se
544 1699 562 1754 ἓ
579 1691 714 1754 latebris
730 1699 817 1755 exire
834 1712 932 1773 posse
949 1689 1121 1766 credeban
1139 1691 1196 1752 ita-

90 1817 155 1880 que
169 1797 347 1860 efenestrr'r
359 1796 539 1877 prospexit.
578 1797 687 1858 Primo
704 1795 869 1858 neminem
886 1794 982 1871 vidit;
999 1804 1069 1857 tum
1087 1793 1196 1856 subito

49 1925 81 1960 ιο
91 1900 324 1964 animadvertit
344 1900 465 1962 multos
488 1900 592 1963 Indos
612 1920 671 1982 per
687 1907 785 1981 agros
806 1901 892 1962 clarn
915 1905 1141 1981 properantes
1160 1907 1196 1961 ut

91 1999 513 2086 oppidum’oppugnz'rrent.

136 2109 265 2192 Quibus
277 2110 331 2171 ille
343 2109 441 2171 rebus
455 2109 672 2173 vehementer
680 2115 875 2183 commotus,
885 2128 925 2170 ex
933 2106 1071 2170 aedibus
1083 2106 1194 2168 statim

92 2216 202 2297 erupit
224 2234 262 2278 ac
287 2216 422 2278 colonos
446 2214 488 2276 ad
513 2234 605 2276 arma
626 2213 766 2276 vocivit.
814 2211 979 2294 Quicum
1005 2208 1154 2273 celeriter
1178 2215 1196 2271 ἓ

92 2320 217 2402 templo
254 2320 488 2394 cucurrissent,
529 2318 658 2381 advenit
697 2317 781 2380 duce
819 2335 894 2378 curn
934 2315 1029 2378 Indis
1066 2313 1195 2376 fortiter

54 2430 335 2506 ¹5pugn5verunt,
360 2425 541 2504 hostesque
566 2428 735 2504 postremo
757 2422 793 2483 in
817 2419 916 2483 silvis
939 2418 1058 2500 fugere
1090 2424 1197 2480 coicti

94 2539 177 2593 sunt.

136 2633 323 2716 Imperssator
340 2634 483 2708 interim,
502 2641 680 2714 postquam
705 2629 808 2692 Indos
827 2628 946 2710 fugere
964 2626 1134 2700 intellexit,
1152 2625 1194 2688 ad

94 2735 234 2802 latebris
251 2740 361 2802 statim
378 2745 415 2801 se
430 2738 564 2819 recepit,
583 2755 644 2798 nec
662 2740 815 2816 posterii
835 2729 959 2795 colonis
979 2731 1121 2794 inveniri
1139 2750 1195 2811 po-

94 2843 161 2905 tuit.
209 2843 276 2925 Qui
298 2844 400 2924 igitur
418 2841 631 2905 crediderunt
654 2839 773 2900 ducem
799 2845 817 2899 ἐ
838 2835 931 2899 caelo
950 2842 970 2897 ἑ
989 2834 1039 2896 dis
1058 2834 1192 2896 missurn

56 2966 173 3023 messe,
197 2955 254 3029 qui
279 2953 315 3010 se
337 2946 518 3020 adiuvaret,
544 2952 628 3007 sicut
656 2943 768 3004 multis
797 2952 874 3004 ante
898 2947 994 3002 annis
1019 2939 1139 3004 Castor
1161 2947 1194 3000 et

97 3050 209 3113 Pollux
223 3051 300 3113 olim
318 3050 428 3113 subito
446 3050 626 3112 adfuerunt
645 3046 680 3108 in
701 3047 772 3109 acie
788 3045 1011 3125 auxiliumque
1034 3043 1194 3105 Rorninls

153 3204 176 3237 1.
202 3187 387 3251 deponebant:
402 3183 615 3238 notethetense.
714 3199 753 3244 ¹4·
781 3182 889 3232 advent
910 3180 991 3230 duce:
1019 3176 1073 3230 abl.
1096 3152 1218 3242 absol,¹

95 3267 217 3319 -imber
232 3267 325 3338 (nris,
337 3266 403 3335 n·):
422 3264 538 3318 shower.
667 3259 707 3316 lit.
733 3262 778 3315 tlte
801 3267 932 3330 stranger
953 3258 1057 3330 (being)
1085 3257 1193 3320 leudem·

151 3365 176 3411 3.
201 3351 300 3402 cinitr’r
326 3348 472 3399 desistere:
493 3346 560 3414 give
577 3347 616 3413 up
667 3342 763 3397 transl.
777 3341 869 3412 freely.

100 3427 149 3498 (lit.
163 3427 346 3500 dcsz‘stsrom)
361 3427 407 3479 tlte
417 3429 542 3494 attempt.
717 3431 756 3475 18.
777 3425 908 3475 inveniri:
921 3428 986 3475 note
997 3419 1043 3472 the
1053 3418 1106 3471 last
1115 3416 1194 3471 letter

152 3516 176 3561 ⁶.
203 3510 297 3561 horno:
318 3506 352 3561 cf.
367 3508 511 3572 hominem,
530 3523 558 3575 p.
573 3520 615 3570 20,
667 3503 749 3558 ofthe
757 3499 1042 3568 word.-potuit:lor
1050 3498 1097 3552 the
1105 3507 1193 3551 trans·

97 3589 113 3642 l.
126 3604 151 3655 4.
664 3584 759 3647 lation‚
784 3583 818 3637 ef.
845 3583 892 3637 the
923 3590 987 3636 note
1012 3597 1048 3634 on
1072 3582 1192 3645 possent,

139 3688 176 3722 12.
201 3672 298 3736 quibus
318 3709 323 3720 .
345 3708 351 3720 .
373 3707 378 3720 .
397 3670 492 3720 rebus:
516 3666 611 3720 transl.
665 3682 692 3733 p.
711 3679 732 3728 1,
745 3665 764 3716 l.
782 3679 822 3732 13.

98 3768 125 3804 as
136 3750 254 3821 singular
266 3748 314 3819 (cl.
326 3753 380 3815 qur
388 3753 424 3816 re,
433 3766 461 3819 p.
473 3763 515 3813 20,
525 3747 543 3799 l.
557 3747 613 3816 19).
714 3763 753 3809 ¹9·
774 3749 837 3811 qui:
863 3743 896 3798 cf.
921 3743 969 3797 the
991 3740 1139 3809 rendering
1157 3736 1189 3792 of

139 3849 176 3895 ¹3·
200 3845 263 3884 cum
281 3869 287 3882 .
308 3869 315 3882 .
336 3869 341 3882 .
360 3830 557 3884 cucurrissent:
577 3824 612 3882 cf.
666 3825 759 3892 quiin
777 3824 825 3879 the
844 3833 908 3878 note
927 3840 963 3876 on
982 3840 1008 3892 p.
1035 3835 1058 3890 ς,
1083 3821 1101 3872 l.
1122 3835 1191 3888 3.-

99 3913 140 3966 the
153 3920 216 3966 note
228 3929 265 3966 on
277 3928 304 3981 p.
320 3925 360 3980 14,
371 3909 391 3964 1.
405 3909 432 3964 8.
666 3909 775 3960 ducem:
801 3923 819 3958 a
832 3905 933 3958 leader.
